3260 5098
854 245 916 304 120

295 435 401 494 locum
433 432 733 507 interpolationibus
762 431 917 492 iniectum
950 445 1022 490 esse
1045 431 1112 489 iam
1137 432 1218 490 satis
1242 447 1340 505 supra
1365 434 1472 491 oston-

295 548 370 607 dere
405 548 510 607 conati
545 561 670 606 sumus.
703 545 776 605 Mox
809 545 931 616 corrige
963 543 1172 621 βεβαιούμενοι
1206 541 1267 616 [ἀς]
1305 548 1364 621 κτλ,
1395 560 1473 604 oum

297 661 394 720 verba
425 660 667 720 demonstrandi
698 658 831 734 (δηλοῦν,
859 654 1050 731 ἀποφαίνειν)
1076 673 1139 717 κον
1164 674 1238 718 cum
1262 655 1300 728 ὡς
1325 675 1351 719 c.
1376 659 1473 734 parti-

244 766 274 831 B
297 773 379 846 cipio
403 773 546 832 construi
570 771 704 831 soleant.
731 763 749 854 ΙΙ
774 769 873 830 Recte
896 770 1004 829 Baiter
1023 770 1122 830 verba
1141 791 1221 841 τινος
1240 771 1340 848 λαβεῖν
1361 773 1474 846 spuria

296 887 422 946 censuit
451 886 605 960 probante
637 884 852 944 Herwerdeno
883 882 956 953 (Mn.
985 882 1090 953 1883).
1118 917 1157 952 -.-
1183 884 1297 942 Astius
1321 885 1359 945 ci.
1385 883 1472 960 θείης

299 994 432 1075 (ἀν),
462 998 571 1057 Baiter
602 998 699 1071 (prob.
732 997 873 1071 (iampb.)
910 991 1026 1070 <ἀν>
1062 993 1204 1073 ἀλληλοις.
1239 997 1401 1057 Particula
1433 993 1472 1056 ἀν

296 1111 411 1171 abesse
441 1111 563 1185 nequit,
596 1111 652 1170 sed
684 1111 832 1182 equidem
860 1111 936 1183 puto
961 1124 1033 1168 eam
1058 1111 1132 1182 post
1154 1117 1275 1168 τοιαῦτα
1300 1111 1470 1172 excidisse.

297 1225 371 1284 nox
403 1242 419 1284 ο
444 1224 558 1283 murtro
582 1224 670 1284 οοοο.
697 1224 810 1283 nouus
834 1225 867 1282 οι
892 1222 1003 1282 stairo.
1028 1223 1137 1291 (isne)
1162 1224 1249 1282 τοοιε
1272 1243 1314 1305 ορ
1338 1208 1393 1297 pro
1419 1244 1472 1282 τοι

250 1334 274 1401 G
298 1338 463 1398 dederunt.
488 1338 572 1410 Lege
596 1336 700 1414 νυνδή.
725 1328 744 1420 ΙΙ
768 1337 839 1394 vam
863 1337 888 1395 L
911 1333 1035 1413 ἐρῶντος
1058 1351 1115 1410 pro
1143 1333 1308 1414 ἐρωτῶντος
1333 1336 1471 1398 Cobetus

298 1452 385 1522 (nota
407 1454 481 1520 ms.)
506 1450 591 1510 male
615 1452 770 1524 probavit.
796 1450 870 1509 Mox
893 1465 978 1510 unus
1002 1451 1070 1511 cod.
1092 1451 1198 1510 exbib.
1220 1447 1397 1509 ἀπελαύνειν
1418 1444 1469 1526 ἀφ’

298 1561 399 1640 αὑτῆς,
429 1565 511 1637 quod
542 1564 635 1624 unice
668 1575 791 1624 verum.
817 1563 922 1623 Verba
953 1557 1001 1636 ἀφ’
1030 1540 1122 1640 αὑτῆς
1146 1564 1246 1623 etiam
1271 1565 1310 1624 ad
1335 1559 1471 1623 ἀπωθεῖν

245 1678 276 1742 l)
300 1677 472 1753 pertinent,
497 1678 581 1738 sicut
600 1677 633 1737 in
652 1678 670 1746 9
690 1677 716 1735 Β
741 1673 932 1735 ἀπωθεῖσθαι
953 1677 1118 1747 (medium)
1141 1682 1333 1750 usurpatum
1354 1680 1414 1740 est.
1449 1671 1468 1761 ΙΙ

297 1793 471 1865 vulgatam
497 1792 544 1851 sic
568 1791 790 1864 corrigendam
810 1805 943 1850 censeo:
959 1778 1017 1867 Ἆρ’
1041 1779 1096 1848 οὖν
1120 1788 1289 1866 (diuo),
1308 1785 1375 1848 καθ’
1400 1789 1470 1850 ὅσον

298 1905 323 1963 d.
356 1902 369 1963 ἕ
378 1950 449 1962 .....
483 1903 537 1981 εἴη,
568 1897 632 1963 οἷόν
666 1903 764 1980 [δίψα]
798 1900 874 1962 ἔστιν
901 1902 999 1978 [δίψα]
1026 1896 1083 1982 &poi
1106 1923 1138 1982 ys
1162 1907 1219 1962 κτλ.
1243 1905 1321 1964 Post
1345 1897 1387 1982 ἆρ’
1415 1895 1469 1964 οὖν

299 2033 362 2078 vox
393 2017 467 2093 δίψα
499 2018 612 2077 abesse
643 2017 764 2091 nequit,
796 2032 836 2076 ne
868 2017 1031 2076 sententia
1059 2017 1204 2092 obscura,
1228 2017 1346 2076 nedum
1371 2034 1469 2079 sensu

302 2146 404 2190 vacua
438 2129 505 2190 fiat.
541 2131 626 2190 Ante
661 2122 726 2188 οἷον
761 2145 890 2190 comma
923 2130 1026 2206 posui,
1062 2131 1137 2203 quia
1170 2132 1250 2191 haec
1281 2132 1378 2192 verba
1408 2148 1469 2192 non

301 2245 406 2318 magis
437 2245 626 2304 dissecanda
657 2246 733 2304 sunt
764 2260 862 2317 quam
887 2259 984 2319 supra
1007 2246 1036 2316 (3
1058 2247 1084 2304 Β
1109 2245 1142 2316 (i)
1167 2246 1266 2308 verba
1287 2245 1316 2304 τι’
1338 2235 1410 2318 οάν;
1433 2235 1469 2322 ἧν

301 2353 327 2416 d’
352 2356 415 2436 ἐγώ·
436 2358 530 2433 διψῆν
539 2402 610 2415 .....
631 2355 667 2415 οὐ
689 2358 779 2431 (part.
794 2357 916 2425 interr.)
928 2356 1024 2416 πάντα
1036 2365 1128 2417 ταῦτα
1138 2403 1209 2416 .....
1229 2357 1326 2434 θείης,
1341 2350 1423 2417 ολουζ
1432 2404 1438 2416 .
1449 2404 1469 2417 .,

300 2469 365 2548 οὐχὶ
389 2475 427 2545 (p.
443 2472 615 2555 interrog.)
636 2469 805 2546 φήσεις
827 2466 991 2548 γενέσεως;.
1009 2470 1114 2530 Verba
1135 2470 1234 2546 δίψα
1254 2467 1353 2541 (ἐστιν)
1374 2469 1392 2528 δ
1400 2468 1413 2527 l
1419 2482 1471 2545 ψν

300 2587 393 2656 (quae
413 2585 492 2644 eieci
512 2600 553 2642 ne
573 2584 674 2643 oratio
695 2583 879 2654 balbutiret)
904 2583 1161 2656 interpretatoris
1185 2586 1270 2644 sunt.
1292 2583 1362 2642 Non
1386 2584 1472 2643 male

301 2699 399 2757 etiam
432 2697 606 2771 suspiceris
639 2712 707 2758 voc.
741 2697 826 2773 δίψα,
854 2698 937 2770 quod
970 2699 1044 2770 post
1074 2689 1117 2775 ἀρ’
1152 2688 1208 2756 οὖν
1234 2697 1268 2756 in
1291 2698 1471 2758 sententiae

299 2811 390 2870 initio
415 2810 543 2884 excidit,
571 2812 605 2869 in
628 2812 775 2884 margine
795 2812 994 2885 adscriptum
1019 2811 1130 2886 fuisse,
1155 2810 1268 2870 deinde
1292 2810 1325 2868 in
1349 2809 1470 2869 malam

299 2923 410 2981 sedem
446 2925 614 2985 devenisse
650 2929 683 2986 et
717 2926 856 2985 alterurn
895 2926 1122 2986 tantummodo
1158 2923 1244 3000 δίψα,
1278 2925 1362 2997 quod
1398 2926 1471 2984 ante

300 3027 357 3112 ἀρά
381 3057 412 3115 γε
432 3037 567 3114 legatur,
592 3040 771 3099 insiticium
801 3055 883 3114 esse,
901 3027 1010 3112 itaque
1025 3039 1082 3099 ,sic
1105 3039 1277 3124 legendum
1302 3053 1393 3099 esse:
1412 3026 1468 3114 Ἆρ’

300 3139 355 3208 οὖν
391 3150 541 3225 <δίψα>
555 3197 674 3210 ........
707 3145 771 3211 οἷον
804 3152 878 3226 δίψα
903 3149 979 3210 ἐστὶν
1006 3151 1103 3225 [δίψα]
1129 3144 1187 3230 ἆρά
1212 3173 1244 3230 γε
1271 3155 1329 3210 κτλ.
1353 3151 1472 3210 Deinde

301 3263 372 3323 dele
402 3271 505 3340 ποτοῦ,
536 3265 611 3336 quia
636 3282 703 3326 voe.
728 3265 865 3342 πώματος
889 3266 921 3324 in
945 3264 1008 3326 fine
1033 3264 1162 3325 suffieit.
1187 3264 1291 3324 Verba
1313 3269 1430 3343 θερμοῦ
1454 3261 1472 3342 ἢ

301 3385 419 3455 ψυχροῦ
450 3380 590 3452 pendent
620 3379 660 3438 ab
692 3376 847 3456 ἐπιθυμία,
877 3380 960 3452 quod
992 3380 1032 3439 ad
1056 3371 1120 3438 οἷόν
1146 3378 1244 3454 [δίψα]
1271 3376 1347 3438 ἐστιν
1373 3378 1469 3455 [δίψα]

301 3481 359 3567 ἀρά
381 3511 413 3568 νε
437 3483 546 3550 mente
571 3492 783 3567 supplendum
808 3508 825 3551 e
848 3492 1057 3567 praegressis.
1082 3492 1239 3552 Richards
1259 3491 1372 3562 (class,
1394 3493 1470 3554 Rev.

249 3599 276 3664 li
302 3605 397 3674 1893)
422 3605 460 3664 oi.
486 3597 550 3664 οἷον
575 3603 649 3681 δίψα
673 3603 751 3664 ἐστὶν
776 3603 996 3682 <ἐπιθυμία>
1024 3605 1122 3682 [δίψα]
1148 3598 1206 3683 ἇρολ
1224 3626 1257 3684 γε
1276 3610 1334 3664 κτλ.
1354 3598 1374 3688 ΙΙ
1396 3606 1470 3666 Her·

299 3718 410 3778 manni
430 3719 715 3793 transpositionem
735 3728 842 3802 προσῇ,
861 3716 915 3795 τὴν
936 3727 988 3785 τοῦ
1008 3723 1123 3797 θερμοῦ
1135 3764 1140 3776 .
1151 3765 1156 3776 .
1167 3764 1188 3776 ..
1206 3716 1258 3778 ἐὰν
1271 3714 1303 3777 δὲ
1315 3719 1472 3798 ψυχρότης,

298 3827 352 3905 τὴν
368 3838 421 3888 τοῦ
434 3839 552 3908 ψυχροῦ
566 3832 687 3906 optimo
700 3833 768 3891 iure
781 3832 890 3892 Baiter
901 3832 1066 3906 (probante
1079 3831 1208 3892 Hellero
1223 3831 1294 3893 Cur.
1309 3831 1384 3893 Orit.
1399 3849 1427 3908 p.
1444 3835 1469 3907 1,

299 3943 555 4016 improbantibus
584 3946 694 4004 autem
720 3945 878 4005 Sobmelz.
905 3947 937 4004 et
962 3944 1108 4020 dampno
1133 3946 1292 4020 suscepit3
1321 3950 1359 4006 ut
1387 3947 1469 4006 enim

299 4053 349 4114 διὰ
372 4056 510 4132 πλήθους
533 4058 701 4136 παρουσίαν
725 4059 798 4118 sitis
822 4057 915 4135 πολλὴ
937 4060 997 4134 est,
1019 4059 1066 4118 sic
1086 4059 1240 4119 nimirum
1260 4067 1295 4141 τῇ
1315 4058 1470 4137 θερμότητι

299 4171 349 4228 est
369 4170 482 4246 calida,
503 4187 566 4230 non
586 4172 710 4244 frigida.
734 4205 773 4214 —
796 4172 871 4232 Mox
891 4173 1054 4233 Herwerd.
1077 4173 1149 4242 (Mn.
1174 4174 1269 4243 1883)
1288 4189 1324 4233 se
1345 4189 1468 4248 exspec-

297 4284 385 4343 tasse
418 4284 501 4343 dixit
523 4283 572 4342 καὶ
596 4282 668 4343 αὐτὸ
688 4283 804 4359 ’<τὸ>
831 4293 937 4361 πεινῆν
967 4283 1137 4358 (αὐτοῦ)
1166 4284 1331 4364 βρώματος,
1353 4302 1417 4360 qua
1439 4288 1470 4346 oa

297 4399 425 4470 recepta
449 4397 594 4457 Platonis
618 4413 754 4458 manum
779 4413 967 4473 recuperare
992 4398 1073 4458 mibi
1097 4399 1216 4459 videor.

148 4510 211 4567 438
240 4504 271 4571 A
340 4511 453 4570 Astius
476 4512 514 4571 ci.
540 4510 580 4588 μή
599 4510 628 4568 τί
649 4533 701 4586 τις,
721 4511 877 4571 Richards
898 4512 1009 4571 autem
1031 4511 1145 4584 (elasa
1167 4511 1245 4571 Ber.
1270 4511 1366 4584 1893)
1387 4512 1468 4572 dubi·
