3278 5098
709 361 749 420 37

136 545 298 605 nonnulla
317 545 508 618 antiquioris
527 546 656 606 Atticae
675 547 805 620 linguae
823 550 950 624 propria
969 552 1148 626 relinquere
1161 554 1313 615 noluisse.

6 651 57 710 346
84 646 115 714 l
188 659 251 718 Pro
270 654 370 737 ἑτέραν
391 658 480 719 codd.
500 658 529 718 Α
549 660 582 718 et
604 661 634 716 ll
644 654 726 737 ἑτέρα
746 661 804 731 (sic
823 676 938 722 omnes
950 663 1040 724 editt.
1053 664 1146 725 Astio
1159 667 1314 741 excepto),

135 773 226 844 quod
249 787 313 832 non
336 773 546 848 probandum,
570 774 646 846 quia
669 774 796 834 facilius
820 770 918 852 φαμὲν
938 776 1008 836 sive
1029 774 1105 854 φημὶ
1126 794 1225 851 quam
1238 776 1315 838 ἐστὶν

135 887 253 947 mente
272 886 450 961 suppletur.
470 886 708 947 Herwerdenus
726 887 800 958 (Mn.
826 888 921 959 1883)
940 885 1041 968 ἑτέραν
1058 890 1164 950 delere
1177 891 1315 968 mavult,

134 1000 225 1071 quod
256 999 398 1074 alioquin
427 999 520 1059 Plato
557 999 679 1082 <τῷ>
713 997 814 1079 ἑτέραν
845 1002 897 1062 vel
928 999 1029 1080 ἑτέραν
1062 1002 1142 1085 <toi
1170 999 1311 1082 ἑτέραν)

134 1112 336 1187 scripsisset.
367 1112 502 1186 Egregie
533 1113 583 1173 vir
612 1113 651 1174 cl.
685 1117 772 1175 errat
793 1116 913 1188 putans
936 1115 1115 1192 Platonem,
1142 1117 1197 1189 qui
1219 1117 1314 1178 Thra·

135 1226 337 1298 symachum
361 1226 603 1303 monosyllabis,
629 1229 666 1287 ut
688 1227 907 1289 Franco-Galli
927 1229 1047 1305 dicunt,
1067 1231 1315 1304 respondentem

135 1339 230 1416 facit,
258 1340 378 1422 <τῆ>
405 1336 505 1418 ἑτέραν
530 1340 581 1400 vel
605 1338 706 1420 ἑτέραν
732 1341 812 1424 <cp
836 1338 978 1420 ἑτέραν>
1004 1343 1144 1403 seribere
1161 1346 1314 1418 potuisse.

82 1448 186 1514 But
226 1453 332 1514 eidem
366 1469 479 1514 vocem
518 1450 618 1534 ἑτέραν
660 1455 780 1516 delenti
814 1456 984 1516 assentior.
1017 1446 1036 1538 ΙΙ
1068 1456 1190 1517 Deterr.
1226 1459 1314 1519 codd.

134 1568 315 1628 lectionem
338 1564 443 1627 διὰτὸ
466 1564 626 1646 ξυμφέρειν
649 1571 717 1642 (pro
739 1566 766 1626 d.
791 1590 812 1626 τ.
837 1564 1000 1646 ξυμφέρον)
1020 1573 1107 1633 recte
1127 1575 1316 1647 receperunt

134 1696 258 1741 omues
280 1681 370 1742 editt.
395 1681 598 1752 (Schneidero
622 1683 655 1742 et
674 1681 787 1743 Stallb.
808 1679 976 1759 exceptis).
997 1683 1088 1744 Licet
1106 1685 1210 1747 dicere
1228 1682 1315 1764 ὑμῆς

133 1794 275 1874 γίγνηται
304 1791 365 1866 [διὰ
392 1792 436 1865 τὸ]
461 1791 612 1873 ξυμφέρον
635 1798 693 1856 aut
716 1793 766 1855 διὰ
788 1794 821 1855 τὸ
844 1793 1014 1873 ξυμφέρειν,
1036 1804 1071 1859 at
1092 1800 1227 1859 tertium
1250 1813 1313 1859 non

133 1909 247 1969 datur.
277 1941 315 1953 —
340 1909 436 1970 Illam
460 1909 643 1987 μισθωτικὴν
666 1907 771 1989 τέχνην
793 1913 930 1972 eandem
954 1927 1027 1972 esse
1049 1928 1087 1972 ad
1110 1910 1164 1989 τὴν
1188 1917 1315 1992 μισθαρ-

135 2019 267 2098 νητικῆν
293 2025 426 2098 apparet
448 2038 490 2084 ex
512 2024 619 2086 hisce:
642 2025 675 2084 in
699 2025 725 2084 B
748 2025 783 2084 in
805 2040 908 2098 aequo
930 2027 1102 2100 ponuntur,
1127 2026 1165 2087 of.
1190 2023 1263 2086 οὐδέ
1284 2020 1312 2105 μ’

134 2128 226 2212 οἶμαι
247 2133 301 2212 τὴν
323 2135 508 2214 μισθωτικὴν
532 2137 716 2216 ιάτρικήν-
733 2135 788 2215 τὴν
811 2136 945 2217 ἰατρικὴν
968 2137 1216 2218 μισθαρνητικήν,
1239 2140 1316 2202 ind

135 2243 255 2326 (φαμέν
285 2245 318 2309 δέ
346 2271 379 2328 γε
402 2248 434 2311 τὸ
461 2249 572 2328 μισθὸν
595 2248 781 2330 ἀρνυμένους
804 2249 866 2330 κτλ)
889 2250 922 2312 τὸ
943 2249 1054 2329 μισθὸν
1077 2248 1230 2332 ίίρνυσθαι
1252 2270 1315 2314 non

133 2363 249 2424 differt
292 2379 311 2424 a
353 2372 389 2447 τῇ
429 2368 605 2448 μισθωτικῇ,
645 2365 678 2425 in
713 2365 739 2424 D
775 2360 794 2441 ἡ
829 2363 1049 2443 μισθαρνητικὴ
1084 2363 1195 2442 μισθὸν
1229 2371 1317 2443 ποιεῖ,

136 2471 230 2536 Sicut
258 2477 291 2536 in
318 2477 346 2538 Α
369 2472 388 2554 ἡ
412 2475 577 2554 μισθωτικὴ
602 2476 712 2553 μισθὸν
735 2475 897 2558 παρέχεται.
921 2480 1015 2553 Apud
1038 2479 1119 2541 alios
1142 2480 1315 2554 scriptores

138 2590 336 2650 vocabulum
370 2605 434 2652 non
468 2592 613 2652 recurrit.
649 2592 849 2652 Aduerbium
882 2596 1068 2669 μισθατικῦς
1100 2593 1231 2652 obvium
1264 2609 1313 2667 ap.

135 2704 351 2765 Eustathium
379 2704 494 2778 Odyss.
518 2720 548 2780 p.
575 2706 670 2781 1695,
696 2707 747 2766 35.
771 2705 872 2766 Valde
895 2705 995 2794 miror
1018 2705 1186 2766 Platonem
1211 2706 1315 2766 eidem

36 2808 109 2877 CI)
136 2817 191 2878 rei
213 2818 275 2878 duo
297 2818 430 2879 nomina
452 2818 616 2880 indidisse.
638 2811 657 2902 11
679 2821 763 2893 Lege
782 2828 817 2902 τῆ
837 2824 1002 2902 μισθωτικῆ
1026 2816 1142 2903 [τέμνῃ]Ι
1163 2811 1183 2903 ΙΙ
1205 2818 1319 2880 Carere

139 2946 320 3006 possumus
345 2932 450 2992 verbis
473 2927 491 3008 ἡ
515 2940 568 2990 τοῦ
588 2937 701 3008 μισθοῦ
721 2936 823 3010 λῆψις,
841 2947 923 3006 quae
942 2933 1009 2994 cod.
1032 2933 1193 2994 Malatest.
1214 2948 1258 2993 m.
1271 2948 1318 3008 pr.

83 3041 113 3106 ll
140 3045 266 3106 omisit.
297 3045 334 3104 In
366 3045 436 3106 Par.
465 3046 493 3104 A
521 3042 611 3122 λῆψις
635 3047 763 3120 punctis
786 3048 947 3108 notatum.
972 3047 1114 3108 Delenda
1138 3062 1262 3107 censeo.
1288 3037 1307 3128 ΙΙ

139 3159 229 3230 Lege
252 3149 275 3217 ὦ
295 3157 361 3233 φίλε
382 3158 593 3237 [Θρασύμαχε],
612 3160 688 3233 quia
708 3151 731 3218 ὦ
751 3158 818 3235 φίλε
840 3160 930 3238 Θρασ.
951 3161 1039 3222 valet
1057 3177 1095 3236 ,θ
1108 3176 1191 3237 care,
1204 3162 1320 3221 dilecte

139 3271 252 3346 Tbr.,”
276 3287 340 3345 qua
363 3272 576 3348 appellatione
601 3265 750 3334 Socrates
774 3289 833 3334 nec
856 3273 970 3344 παίζων
992 3289 1052 3335 nec
1076 3273 1252 3345 σπουδάζων
1273 3275 1321 3334 uti

139 3386 279 3460 poterat,
312 3385 367 3445 sed
399 3376 422 3444 ὦ
454 3385 520 3460 φίλε
543 3401 658 3460 parum
682 3387 790 3448 differt
814 3388 854 3447 ab
879 3379 901 3446 ἑο
927 3382 1025 3465 ’μαθέ
1049 3402 1111 3460 quo
1135 3389 1230 3447 modo
1253 3389 1319 3447 iarn

140 3499 221 3569 (345
235 3499 273 3567 Α)
297 3513 372 3558 eum
397 3499 580 3574 appellavit.
596 3501 710 3560 -Pro
734 3497 926 3578 ἀνορθοῦντα
950 3500 1108 3560 Eusebius
1129 3500 1234 3565 (Astio
1254 3515 1320 3573 pro·

141 3612 251 3682 bauto)
274 3609 502 3690 incoeptionem
522 3613 663 3674 exhibet.
685 3613 766 3674 Cum
788 3614 919 3688 saepius
932 3609 1087 3691 ἀνορθοῦν
1099 3615 1183 3687 apud
1196 3612 1320 3673 Platon.

141 3725 275 3786 obvium
307 3725 361 3801 sit,
392 3725 437 3785 nil
469 3727 664 3787 mutandum
695 3742 827 3802 censeo;
858 3727 905 3787 sic
926 3728 1020 3801 juxta
1044 3723 1158 3785 ἐννοεῖν
1181 3726 1321 3800 simplex

141 3843 226 3897 νοεῖν
245 3853 475 3912 συναναιροῦν]
497 3855 547 3914 ap.
568 3840 739 3900 Platonem
760 3840 902 3902 obvium.
923 3841 998 3902 Mox
1018 3842 1140 3914 corrige
1160 3843 1206 3902 sis
1227 3845 1322 3912 καλῶς

140 3948 197 4028 τὴν
224 3948 328 4030 τέχνην
352 3950 474 4030 πράξειν
497 3953 548 4023 (cf.
575 3955 680 4014 374A
704 3950 808 4031 τέχνην
832 3951 1035 4034 έρμοίζεσθαι);
1059 3951 1165 4032 τέχνην
1187 3954 1323 4033 ττροίττειν

140 4069 195 4128 est
219 4067 324 4128 artem
348 4081 507 4127 exercere.

8 4185 56 4246 lli
82 4181 114 4248 A
187 4181 312 4244 collato
340 4179 441 4240 348u
465 4179 517 4240 hie
540 4179 713 4254 legendum
737 4197 852 4242 censeo
876 4179 919 4254 (έν
942 4187 1055 4258 μισθοῦ
1080 4179 1170 4260 μέρει)
1193 4179 1322 4259 τέθηκας

139 4313 200 4373 pro
224 4295 351 4374 εἴρηκας.
376 4291 420 4354 Of.
446 4293 613 4354 Demosth.
635 4295 710 4370 626,
731 4298 751 4356 6
772 4294 814 4366 είς
833 4292 998 4374 εὐεργεσίας
1018 4291 1106 4373 μέρος
1125 4292 1322 4371 καταθέσθαι,

141 4412 220 4474 ibid.
253 4411 327 4486 668,
359 4412 402 4471 26
433 4406 469 4469 οὐ
501 4408 605 4486 τίθημι
629 4405 660 4468 έν
684 4406 866 4487 ἀδικήματος
890 4407 976 4488 μέρει.
1005 4443 1043 4453 -
1069 4409 1208 4483 Optimis
1233 4409 1321 4469 codd.

142 4524 180 4585 οῦ
216 4525 330 4600 ξυνῆκα
361 4525 429 4594 [ιτα]
454 4521 681 4597 praebentibus
709 4523 775 4583 fere
798 4538 911 4584 omnes
935 4523 1026 4583 editt.
1051 4524 1138 4583 recte
1162 4521 1323 4596 obtempe-

140 4639 267 4702 rarunt.
302 4670 342 4681 —
370 4635 432 4696 Pro
455 4634 558 4712 ξυνίης
581 4635 653 4696 Par.
678 4637 706 4696 Α
730 4635 861 4696 exbibet
884 4636 1004 4712 ξυνιεῖς,
1026 4636 1073 4699 sic
1096 4629 1182 4698 recte
1206 4635 1319 4698 Herm.
