3278 5098
628 1473 897 1531 ΠΟΛΙΤΕΙΑ.

666 1723 859 1737 ——ff

218 1913 264 1973 De
298 1915 392 1975 t'tulo
426 1917 459 1975 et
493 1915 532 1975 de
566 1915 599 1974 in
633 1916 746 1976 decem
779 1916 877 1976 libros
912 1917 1070 1978 divisione
1102 1920 1181 1980 haec
1213 1920 1349 1981 dicenda

175 2027 343 2087 habemus

750 2181 775 2240 Ι.

217 2365 312 2425 Nullo
335 2368 429 2440 pacto
451 2366 590 2426 dubitari
611 2368 717 2440 potest
741 2368 818 2440 quin
843 2367 935 2428 Plato
956 2369 1116 2443 hocopus
1137 2385 1234 2430 suum
1257 2373 1349 2430 Πολι-

172 2477 250 2549 τείας
281 2479 411 2539 nomine
441 2479 657 2553 inscripserit:
689 2481 722 2540 et
744 2481 848 2541 testes
873 2481 973 2540 citare
997 2482 1118 2541 multos
1142 2498 1260 2556 eosque
1287 2482 1349 2544 fide

174 2593 383 2664 dignissimos
405 2607 590 2668 possumne,
615 2609 665 2654 ex.
690 2608 735 2665 gr.
761 2594 971 2653 Aristotelem
995 2594 1130 2669 passim,
1160 2594 1347 2657 Ciceronem

173 2707 208 2766 in
238 2708 277 2767 de
307 2707 411 2766 Divin.
449 2708 477 2766 i.
499 2708 552 2781 29,
581 2707 739 2767 Galenum
763 2707 795 2766 in
820 2708 859 2767 de
881 2707 1005 2766 Platon.
1031 2709 1064 2767 et
1088 2708 1272 2783 Hippocrat.
1297 2710 1346 2770 de·

173 2822 270 2881 cretis
300 2836 330 2894 p.
364 2821 426 2880 735
457 2817 531 2878 πατὰ
561 2818 594 2879 τὸ
624 2816 757 2896 πέμπτον
779 2827 831 2896 τῆς
856 2819 1020 2895 Πολιτείας,
1045 2819 1143 2880 Olem.
1169 2822 1343 2883 Alexandr.

173 2934 291 2994 Strom.
327 2934 374 2993 ΙΙΙ
405 2948 434 3007 p.
460 2936 534 3009 519,
567 2933 757 2994 Clearchum
790 2933 968 3008 Solensem,
995 2934 1049 3006 qui
1072 2935 1203 3008 scripsit
1225 2935 1345 2996 librum

172 3045 239 3124 περὶ
268 3055 326 3106 τῶν
358 3045 389 3105 ἐν
420 3056 454 3130 τῇ
488 3046 647 3118 Πλάτωνος
680 3046 817 3128 Πολιτείᾳ
841 3050 1060 3122 μαθηματικῶν
1083 3045 1245 3124 εἰρημένων
1271 3050 1344 3119 (vid.

173 3162 290 3222 Athen.
314 3161 382 3237 IX),
412 3161 587 3234 Diogenem
611 3161 776 3221 Laertium
800 3161 848 3219 lli
872 3160 914 3218 60
939 3158 1069 3218 πολιτεία
1094 3155 1114 3238 ἢ
1137 3156 1203 3239 περὶ
1223 3160 1350 3238 δικαίου,

174 3273 331 3351 πολιτικός,
363 3275 537 3335 Eusebium
568 3274 702 3348 passim,
734 3273 883 3333 Proolum
911 3267 950 3347 ¹);
984 3275 1017 3332 et
1048 3273 1171 3333 scimus
1202 3276 1235 3334 et
1268 3273 1349 3334 alios

173 3388 347 3462 scriptores
369 3388 528 3448 eiusmodi
551 3387 680 3462 scriptis
703 3387 790 3447 idem
813 3401 931 3446 nomen
955 3386 1082 3447 dedisse
1116 3389 1349 3465 (Protagoram,

173 3502 403 3563 Antisthenem
428 3496 450 3572 2)
474 3498 540 3580 περὶ
562 3500 658 3577 νόμον
681 3497 701 3579 ἢ
725 3498 793 3579 περὶ
814 3499 971 3576 πολιτείας,
993 3501 1211 3561 Xenocratem
1237 3495 1259 3571 ³)
1283 3499 1350 3580 περὶ

173 3614 329 3692 πολιτείας,
358 3629 557 3688 quamquam
588 3615 616 3674 is
648 3615 732 3689 apud
761 3613 893 3673 Suidam
918 3609 985 3691 περὶ
1007 3619 1059 3689 τῆς
1083 3611 1245 3684 Πλάτωνος
1267 3617 1350 3672 πολι-

174 3729 252 3801 τείας
286 3729 454 3805 scripsisse
488 3729 609 3798 fertur).
646 3728 769 3788 Tamen
800 3727 868 3786 iam
900 3725 1079 3798 antiquitus
1101 3728 1238 3801 praeter
1267 3727 1350 3788 hanc

173 3843 416 3916 inscriptionem
446 3844 480 3903 et
507 3843 579 3903 alia
593 3842 785 3921 pervulgata
808 3841 886 3901 fuit:
911 3854 988 3899 nam
1014 3839 1130 3900 Moeris
1153 3842 1272 3916 rhetor,
1296 3843 1350 3915 qui

174 3957 235 4016 sub
266 3956 427 4017 Hadriano
458 3956 575 4030 floruit,
607 3954 752 4014 Platonis
787 3952 942 4023 Πολιτείας
975 3956 1136 4014 memorat
1168 3956 1242 4025 (vid.
1274 3956 1295 4016 i.
1320 3970 1348 4016 a.

174 4086 205 4144 p.
226 4071 290 4130 208
309 4066 437 4148 λέγει-
452 4083 495 4130 sc.
517 4067 644 4127 Πλάτων
658 4101 699 4109 -
712 4057 866 4126 πολιτειῶν
878 4070 907 4145 'yl
928 4067 962 4126 et
974 4065 1221 4140 olympiodorus
1234 4069 1267 4128 in
1280 4068 1349 4127 suis

179 4261 395 4268 nam——

208 4375 228 4444 ¹)
246 4380 344 4436 Quibus
371 4381 431 4428 addi
455 4384 565 4440 possunt
590 4378 708 4426 Hermiae
730 4375 838 4439 (comm.
864 4378 891 4423 in
914 4377 1043 4434 Phaedr.),
1063 4378 1152 4424 Theon
1171 4375 1256 4439 (Prog.
1274 4392 1299 4437 p.
1320 4379 1348 4424 11

175 4459 215 4506 sd.
234 4459 336 4518 Onam),
353 4461 532 4522 Harpocratio,
548 4459 600 4506 alil.

206 4533 228 4600 ²)
246 4539 320 4597 mog.
337 4539 423 4587 Laert.
437 4539 472 4588 IV
491 4541 514 4586 6.

207 4613 228 4678 ³)
249 4618 321 4677 Diog.
340 4619 424 4665 Laert.
443 4618 478 4666 IV
496 4618 535 4665 12.
