3260 5098
732 288 773 348 95

159 485 182 530 a
224 472 351 534 Platone
382 475 529 536 additum
560 477 754 550 oportuerat.
786 477 928 538 Delenda
963 477 1061 550 igitur
1092 493 1207 539 censeo
1240 479 1337 540 verbe

159 581 238 644 οὐδὲ
257 589 347 667 Πατρ.
367 592 427 666 κτλ,
446 590 503 649 sed
522 590 719 651 servandum
739 590 894 663 Eurypyli
914 605 1032 651 nomen
1053 592 1092 651 ab
1106 592 1199 652 Aetio
1213 594 1336 653 temere

159 700 386 766 sollicitatum.

10 801 70 860 406
99 799 131 867 Δ
212 813 359 876 Fortasse
400 833 427 877 c.
470 832 533 878 uno
568 817 636 878 cod.
672 817 844 891 legendum
884 815 984 890 <oi>
1023 817 1232 894 Ἀσκληπιάδαι
1266 819 1336 880 sive

98 915 131 980 B
157 913 385 1006 Hoetentddocf
425 921 444 1012 ΙΙ
488 931 599 990 Malim
630 924 725 990 ἔπειθ’
758 929 880 1009 ὕστερον
912 927 1018 1002 ἄλλους
1049 928 1108 992 κτλ.Ι
1140 932 1273 993 Videtur
1302 933 1336 992 in

158 1043 337 1119 archetypo
366 1040 472 1116 ἄλλους
503 1044 645 1119 primum
678 1045 847 1121 excidisse,
879 1045 992 1106 deinde
1020 1046 1052 1106 in
1077 1047 1199 1107 malam
1223 1047 1335 1107 sedem

157 1155 321 1217 insertum
352 1157 463 1218 fuisse.
494 1159 540 1219 De
569 1158 693 1219 dicendi
724 1157 827 1232 figura
856 1174 939 1233 quae
967 1166 1063 1237 σηημα
1091 1157 1122 1218 ἐκ
1146 1159 1336 1240 παραλλήλου

158 1267 248 1330 dicte
274 1273 335 1346 est,
361 1271 423 1332 vid.
447 1270 641 1332 Schanzium
666 1271 698 1332 in
723 1271 825 1344 ipsius
850 1270 973 1333 Oomm.
998 1273 1079 1334 Plat.
1104 1273 1203 1334 Novis
1227 1276 1336 1346 (1871)

94 1375 128 1440 I)
154 1395 188 1455 p.
223 1385 274 1445 12.
307 1376 327 1468 ΙΙ
359 1365 563 1460 optimorum
594 1385 683 1445 codd.
715 1385 788 1445 leci.
821 1382 929 1462 μικρὰν
961 1389 1027 1460 (pro
1059 1383 1189 1465 μακρὰν)
1223 1387 1338 1448 δίαιταν

159 1500 249 1572 prob.
270 1499 350 1560 Bkk.
372 1499 466 1560 Sohn.
486 1499 581 1577 Bait,
602 1499 705 1559 maie:
726 1498 856 1572 opifices
876 1499 973 1560 breve
992 1503 1123 1574 tempus
1140 1503 1338 1576 praescripta

159 1613 269 1674 diaeta
293 1613 341 1673 uti
363 1628 426 1673 non
449 1628 599 1674 recusare
622 1614 848 1674 demonstrant
871 1614 969 1674 verba
994 1614 1026 1672 in
1047 1615 1072 1675 Ε
1092 1616 1134 1676 in.
1156 1612 1206 1674 καὶ
1225 1615 1337 1696 χαίρειν

159 1725 253 1787 εἰπὼν
276 1737 315 1810 τῷ
338 1726 461 1811 τοιούτῳ
485 1726 573 1810 ἰατρῷ
597 1726 637 1798 εἰς
662 1725 715 1804 τὴν
739 1726 938 1788 εἰωθυῖαν
963 1727 1079 1787 δίαιταν
1103 1727 1194 1808 ἐμβάς
1216 1734 1276 1791 κτλ.

10 1837 68 1896 407
99 1831 127 1896 Α
206 1842 389 1917 Phocylidis
424 1858 539 1903 versus
574 1843 644 1902 erat
679 1843 803 1917 (Bergk.
836 1842 850 1902 1
881 1842 919 1902 ir.
955 1843 995 1902 10
1027 1859 1057 1918 p.
1091 1845 1165 1914 359)
1197 1843 1338 1922 δίζησθαι

157 1929 275 2033 βιοτή-ν,
305 1952 411 2035 ἀρετὴν
443 1949 471 2015 δ’
507 1953 577 2014 ὅταν
608 1949 626 2039 ᾖ
657 1955 722 2034 βίος
753 1953 864 2034 ἀσκεῖν,
891 1972 956 2046 seo.
983 1957 1213 2020 Schneiderum
1238 1933 1337 2030 (Neue

156 2070 231 2130 Jbb.
263 2069 285 2131 f.
316 2070 397 2130 Phil.
429 2072 494 2132 und
525 2071 661 2144 Paedag.
693 2072 813 2131 Archiv
844 2073 884 2131 18
909 2071 939 2146 μ.
964 2073 1038 2142 508)
1063 2074 1174 2132 autem
1198 2072 1338 2152 δίζησθαι

99 2174 130 2238 Β
155 2182 274 2262 βιοτήν,
304 2180 410 2262 ἀρετὴν
444 2178 471 2242 δ’
499 2182 570 2243 ὅταν
593 2177 612 2267 ᾖ
636 2183 701 2262 βίος
725 2180 794 2263 ἤδη.
821 2176 840 2268 Η
864 2185 934 2245 Non
958 2186 1044 2246 male
1068 2186 1172 2248 Greci]
1199 2203 1227 2248 v.
1251 2188 1337 2247 Prin·

156 2300 265 2358 sterer
287 2297 387 2367 (Pros
410 2297 504 2368 Plat.)
528 2299 567 2360 oi.
592 2294 611 2375 ἢ
639 2292 729 2374 <ἡ>
753 2279 935 2378 νοσοτροφία
953 2302 1012 2377 κτλ,
1031 2300 1140 2374 itaque
1162 2301 1337 2361 verisimile

157 2413 211 2472 est
240 2411 350 2485 partie.
376 2412 606 2473 disiunctivam
630 2406 649 2488 ἢ
673 2412 903 2486 haplographie
925 2413 959 2472 in
983 2413 1049 2474 fere
1074 2414 1223 2473 omnibus
1248 2416 1336 2476 codd.

156 2525 330 2587 excidisse.
351 2525 376 2585 E
396 2526 507 2601 paucis
529 2525 618 2586 codd.
639 2525 744 2600 recipe
756 2521 982 2604 παρακέλευσμα
995 2541 1051 2600 pro
1063 2523 1280 2605 παρακέλευμα.
1296 2562 1336 2571 -

157 2641 198 2700 In
230 2641 306 2700 Ραι0
335 2640 364 2699 Α
389 2641 486 2700 verbe
510 2638 613 2717 σχεδόν
636 2636 669 2718 γέ
691 2661 718 2698 τι
728 2683 809 2700 .....
835 2639 969 2716 σώματος
993 2639 1117 2701 Socrati
1140 2640 1336 2718 tribuuntur,

157 2755 273 2815 contra
295 2754 465 2815 rationem.
491 2753 725 2816 Stallbaumius
749 2754 858 2825 (1829)
883 2754 994 2816 omnia
1016 2755 1089 2816 inde
1113 2771 1132 2815 a
1156 2752 1206 2814 ναί
1227 2752 1268 2831 μδ
1287 2753 1338 2814 τὸν

159 2866 221 2926 Δία
241 2883 344 2942 usque
363 2869 403 2927 ed
421 2864 533 2927 οὐκοῦν
555 2868 598 2936 (in
617 2868 635 2937 ἐ
655 2866 688 2937 Ο)
709 2867 863 2928 elaueoni
884 2868 997 2928 tribuit
1017 2868 1133 2929 deletis
1145 2872 1182 2939 (c.
1196 2868 1276 2930 Ven.
1292 2870 1338 2941 Π)

161 2981 269 3041 verbis
300 2979 377 3051 εἰκός
407 2975 448 3060 γ’,
477 2979 546 3057 ἔφη,
572 2982 663 3058 mec,
688 2997 765 3042 narn
790 2983 888 3042 verba
911 2980 942 3042 τδ
967 2977 999 3040 δὲ
1023 2979 1060 3058 δη
1086 2980 1221 3062 μέγιστον
1245 2984 1339 3045 unice

162 3207 227 3276 Ναὶ
256 3207 297 3287 μὰ
328 3207 378 3270 τὸν
389 3255 469 3270 .....
502 3208 654 3280 δύσκολος.
688 3207 773 3269 Socr.
802 3207 841 3268 Τὸ
866 3204 898 3267 di
922 3206 1034 3285 ciii...
1059 3209 1202 3287 σώματος.
1230 3209 1339 3272 θίιλίλδ.

163 3323 256 3395 Εἰκός
279 3327 328 3382 κτλ
352 3325 541 3399 receperunt
564 3323 710 3398 Schneid.
737 3323 848 3383 stallo.
874 3322 984 3394 (1850)
1000 3317 1020 3393 ¹)
1046 3323 1157 3384 Herm.
1180 3325 1339 3386 Schmelc

164 3434 338 3513 Gempbeli.
372 3472 412 3481 -
444 3439 522 3500 Post
552 3438 781 3498 vehementem
807 3437 980 3497 Glauconis
1003 3433 1256 3498 affirmationem
1280 3436 1341 3507 (ναὶ

165 3550 206 3629 μδι
235 3550 286 3612 τὸν
317 3550 375 3610 Δία
406 3555 466 3624 κτλ)
498 3553 614 3612 iterate
646 3571 678 3629 γε
705 3565 768 3611 non
793 3565 874 3625 opus
898 3551 958 3626 est,
982 3551 1092 3623 itaque
1116 3551 1339 3623 corrigendum

165 3681 280 3727 censeo
311 3667 369 3742 aut
399 3663 502 3743 σχεδόν
536 3661 589 3744 [με’]
614 3686 640 3722 τι
666 3663 799 3736 (aliquot
821 3663 910 3725 codd.
936 3679 962 3724 e.
988 3663 1108 3724 Galeno
1133 3661 1236 3741 σχεδόν
1260 3662 1288 3721 τί
1309 3684 1341 3742 ηε

165 3781 307 3850 tradunt)
338 3782 395 3841 eut
424 3774 443 3856 ἡ
477 3781 553 3851 [ΓΕ]
588 3774 770 3857 ΠΕραιτέρω
801 3781 860 3838 κτλ.
897 3811 935 3820 -
960 3777 1066 3838 Verbo.
1089 3774 1120 3836 ἐν
1144 3775 1236 3855 πόλει,
1258 3793 1340 3851 quac

166 3896 307 3957 Galenus
340 3896 414 3969 post
447 3890 537 3972 ἀρχὰς
572 3892 678 3968 hebet,
714 3892 794 3952 mihi
830 3891 940 3965 spuria
975 3893 1125 3952 videntur
1157 3893 1190 3952 et
1221 3892 1341 3952 misere

165 4011 335 4084 languent:
360 4009 433 4082 quis
456 4007 544 4068 enim
567 4010 654 4066 extro
674 4006 785 4066 αιδιαι
806 4003 1085 4083 πορευομένας
1110 4001 1230 4083 ιἰρχδις
1252 4019 1341 4064 voca-

112 4119 142 4186 s
166 4126 222 4186 bat
246 4120 407 4204 ἕδραίοοςλ
433 4127 437 4202 '4
470 4122 622 4181 Fortasse
642 4120 847 4180 scribendum
867 4119 1040 4202 καθεστώση
1062 4133 1119 4194 pro
1139 4117 1341 4200 καθεστηκυίᾳ

166 4239 237 4300 coll.
258 4239 336 4298 noia
354 4237 492 4297 dictione
512 4230 530 4311 ἡ
551 4238 725 4293 καθεστῶσα
743 4227 860 4309 citrum
877 4232 916 4293 cf.
930 4232 1007 4306 Rep.
1022 4233 1086 4292 428
1099 4233 1124 4292 E
1138 4239 1343 4311 προεστῶτι,

166 4352 270 4412 452B
301 4349 332 4410 ἐν
355 4359 394 4433 τῷ
417 4357 624 4429 παρεστῶτι,
648 4346 766 4408 Criton.
792 4346 872 4406 43Β
895 4354 930 4429 τῇ
957 4345 1167 4428 παρεστώσῃ
1192 4346 1339 4428 ξυμφορᾷ,

202 4599 221 4664 ¹)
240 4602 329 4650 scalth.
347 4597 435 4664 (1858)
453 4601 531 4647 etiam
549 4599 626 4645 verbs
644 4601 682 4646 καλ
700 4599 790 4660 yde...
810 4598 921 4650 δύσκολος
938 4595 1037 4641 Socrati
1054 4592 1158 4644 tribuit.
