3260 5098
813 349 875 408 146

108 541 171 601 465
199 535 230 604 A
297 539 463 599 Articulus
476 541 551 600 ante
564 535 700 617 ἄρχοντες
712 539 753 599 ab
765 537 898 613 optimis
911 537 999 598 codd.
1014 537 1116 611 abest,
1131 535 1225 610 male,
1240 534 1280 594 cf.
1294 535 1358 594 458
1368 533 1428 593 ΒΕ

254 652 318 712 459
331 651 373 726 Ε;
398 652 574 712 verisimile
599 654 659 724 est¹
672 652 841 712 Platonem
863 651 1032 725 scripsisse
1053 647 1198 727 ἄρχοντες.
1219 648 1294 708 Mox
1313 649 1429 707 Aetius

254 765 422 838 vulgatam
453 766 570 827 merito
600 765 734 840 culpans
765 761 855 842 (nam
886 764 1060 837 quominus
1091 762 1132 823 ad
1163 761 1207 822 ὅτι
1234 761 1429 836 praecedens

253 877 346 956 δῆλον
365 881 553 954 repetamus
572 880 678 939 multa
693 878 825 940 obstant
843 893 912 954 nec,
933 893 1016 951 quae
1036 876 1221 937 Schneideri
1237 875 1342 950 opinio
1356 875 1427 949 fuit,

254 993 351 1053 verba
384 989 424 1063 ὡς
454 991 486 1052 ιδ
514 991 591 1064 εἰιδς
615 992 837 1054 anacoluthice
860 1006 916 1066 pro
940 988 1016 1060 εδιιδς
1039 990 1146 1064 posita
1169 1004 1241 1049 esse
1265 987 1428 1063 probabile

254 1108 314 1177 est)
340 1107 476 1166 coniecit
498 1103 547 1164 καὶ
572 1103 631 1183 μὴν
655 1104 672 1164 ὅ
694 1125 726 1184 γε
749 1103 899 1184 νεώτερος,
921 1105 1004 1177 quod
1027 1104 1082 1176 qui
1106 1104 1240 1177 probent
1259 1103 1427 1176 praeterea

256 1217 378 1292 <ιὸν>
414 1219 613 1298 πρεσβύτερον
644 1220 806 1292 corrigant
835 1233 969 1279 necesse
999 1220 1067 1292 est;
1108 1231 1165 1290 ego
1197 1217 1310 1275 autem
1342 1213 1429 1274 malo

253 1347 308 1407 pro
341 1328 380 1402 ὡς
410 1329 442 1391 τὸ
467 1330 543 1402 εἰκὸς
568 1332 742 1393 rescribere
766 1331 854 1408 εἰκός,
876 1333 949 1406 post
972 1332 1057 1404 quod
1081 1345 1210 1391 comma
1233 1329 1427 1403 ponendum.

252 1445 444 1505 Dubitanter
464 1461 602 1520 propono
623 1442 707 1522 (coll.
729 1446 792 1504 412
807 1443 841 1522 0)
863 1443 1111 1523 προσιειδξεοθαι
1128 1441 1305 1519 <δῆ1ον>
1320 1444 1427 1518 Δῆλον.

253 1556 314 1617 Καὶ
344 1557 404 1636 μὴν
435 1556 478 1618 δτι
508 1579 541 1638 γε
572 1561 641 1635 ιιι,
670 1574 753 1632 quae
784 1557 912 1619 medela
941 1557 1111 1617 lenissima
1135 1560 1195 1616 est.
1213 1549 1234 1632 ¹)
1264 1553 1430 1614 -Paulo

252 1676 326 1748 post
359 1675 533 1766 transpone
568 1669 634 1732 οὔτε
668 1672 787 1731 τύπτειν
818 1675 894 1733 ante
926 1667 993 1730 οὔτε
1030 1673 1129 1741 <τι>
1164 1665 1234 1727 ἄλλο
1265 1667 1430 1746 βιάζεσθαι,

252 1788 328 1861 quia
363 1787 487 1860 species
522 1789 597 1847 ante
632 1801 735 1859 genus
768 1786 843 1860 poni
878 1784 970 1845 solet.
1006 1783 1200 1846 Exciderant
1231 1781 1429 1854 negligentia

254 1902 351 1962 verba
381 1897 449 1961 οὔτε
480 1901 598 1960 τύπτειν
629 1903 662 1961 et
693 1900 807 1960 deinde
838 1899 870 1958 in
903 1897 1043 1958 alienam
1076 1897 1187 1956 sedem
1219 1897 1427 1955 devenerunt.

253 2002 313 2075 Pro
345 2012 414 2073 dito
446 2014 600 2092 βιάζεσθαι
625 2015 721 2075 multi
745 2014 833 2076 codd.
859 2016 892 2073 et
915 2013 1073 2073 Stobaeus
1096 2007 1190 2081 ἄλλως
1213 2011 1240 2088 β.
1265 2011 1428 2084 praebent,

253 2132 336 2202 quod
371 2131 499 2204 propter
534 2137 673 2202 sequens
708 2126 801 2200 ἄλλως
836 2129 976 2201 recipere
1008 2126 1190 2186 reformido.
1225 2158 1264 2167 -
1297 2125 1367 2183 Par.
1400 2124 1430 2181 A

202 2241 230 2304 Β
255 2243 361 2304 exhib.
394 2239 508 2313 ἄλλος
541 2240 683 2320 ἀτιμάσει,
707 2244 830 2315 dequo
855 2242 964 2302 mendi
987 2255 1104 2314 genere
1129 2239 1191 2298 vid.
1216 2240 1256 2298 ad
1281 2239 1345 2298 399
1359 2227 1426 2317 (1.1)

254 2356 405 2430 Madvigii
429 2359 488 2417 cam
512 2353 588 2427 (δέος
609 2351 653 2437 δὲ)
678 2364 731 2415 τοῦ
754 2371 810 2431 pro
830 2353 862 2414 τὸ
883 2355 1006 2429 optimo
1026 2355 1095 2412 iure
1117 2344 1208 2434 (nam
1230 2353 1276 2412 sic
1296 2353 1430 2411 demum

254 2473 287 2530 et
317 2485 434 2531 seusus
466 2471 498 2529 et
525 2471 741 2543 grammatica
772 2469 864 2530 salva
895 2463 1049 2543 evadunt)
1073 2467 1263 2539 receperunt
1286 2465 1369 2524 Bait.
1395 2465 1430 2522 et

209 2583 431 2658 COampbell.
463 2575 483 2666 ΙΙ
514 2584 606 2643 Astio
643 2598 711 2644 voc.
743 2579 864 2659 πένητες
897 2581 1017 2641 delenti
1049 2579 1176 2639 assensi
1210 2581 1286 2638 sunt
1316 2577 1430 2637 stallb.

257 2695 367 2774 (1829.
414 2699 510 2768 1850)
545 2698 628 2759 Bait.
664 2699 829 2758 Hervverd.
867 2693 940 2773 (Mn.
981 2692 1088 2770 1891),
1124 2694 1317 2768 rectissime,
1353 2706 1431 2751 nam

254 2809 406 2881 κολακείας
437 2813 554 2886 pendet
585 2827 605 2871 a
635 2809 737 2890 λέγειν,
767 2827 831 2872 11011
858 2811 898 2870 ab
923 2804 1141 2886 ἀπηλλαγμένοι
1165 2803 1203 2864 ἂν
1227 2799 1294 2882 εἶεν,
1318 2807 1427 2879 itaque

254 2925 308 2985 ille
328 2925 550 2986 nominativus
569 2927 725 2998 tanquam
745 2926 778 2984 iu
799 2941 873 2986 aere
893 2935 1073 2996 suspensus
1089 2922 1149 2980 ost.
1166 2919 1262 2980 Verbi
1283 2917 1433 2996 &collap-

255 3037 337 3117 με’νοι
362 3035 400 3096 tv
424 3031 481 3097 εἶεν
505 3040 687 3113 subjectum
711 3040 762 3099 est
786 3037 814 3098 οἱ
834 3043 950 3098 πολῖται
972 3039 1047 3116 (non
1068 3040 1099 3099 οἵ
1115 3032 1260 3114 πένητες),
1280 3035 1432 3094 similiter

254 3155 287 3214 in
311 3155 328 3224 8
352 3154 378 3213 D
402 3145 491 3213 verbi
515 3149 739 3229 ἀπαλλάξονται.
764 3153 803 3213 Η.
828 3153 969 3214 Jackson
994 3151 1115 3230 (Joum.
1142 3152 1177 3212 os
1198 3149 1310 3210 Philol.
1336 3149 1432 3217 1872)

253 3267 487 3341 grammaticae
518 3281 708 3327 succurrens
740 3267 777 3326 ci.
810 3263 935 3343 πένητος
969 3265 1052 3343 (gen.
1078 3265 1235 3338 subject),
1260 3263 1344 3336 quod
1368 3276 1432 3320 non

255 3380 363 3440 minus
394 3380 489 3453 friget
520 3395 618 3453 quam
649 3379 854 3439 Stallbaumii
887 3377 996 3458 (1858)
1025 3381 1194 3439 inventum
1220 3374 1323 3444 πενίας
1347 3375 1378 3444 (i.
1403 3389 1432 3433 e.

254 3491 410 3572 πενήτων).
442 3495 528 3554 Ante
559 3489 685 3572 ἀπορίας
717 3509 780 3553 non
812 3493 1105 3567 interpungendum
1137 3493 1188 3552 ost
1218 3503 1321 3563 neque
1349 3487 1433 3547 infra

251 3611 330 3669 ante
351 3606 405 3667 ὅσα
424 3628 461 3666 τε.
482 3607 556 3666 Mox
575 3606 672 3666 unius
693 3608 760 3666 cod.
782 3599 861 3667 Ven¹
885 3600 1433 3679 Ξ618101181611.παιδοτροφίας

257 3724 430 3797 probarunt
461 3721 569 3795 Steph.
601 3722 663 3780 Ast
693 3721 816 3797 staua,
849 3724 934 3782 recte
967 3723 1061 3795 pulo;
1095 3719 1247 3779 similiter
1270 3719 1303 3776 in
1327 3716 1433 3776 459A

259 3835 329 3894 Par.
358 3836 386 3894 A
409 3837 563 3897 mendose
587 3835 775 3894 burdonarios
798 3851 855 3910 pro
878 3837 942 3896 dat.
968 3836 1048 3909 plur.
1074 3834 1214 3894 exhibet.
1241 3865 1281 3875 —
1306 3832 1342 3890 Iu
1366 3844 1431 3904 pro·

257 3949 357 4008 ximis
392 3949 461 4009 dele
495 3951 576 4024 part.
609 3947 801 4028 παραδόντες,
831 3949 1158 4023 interpretamentum
1191 3945 1280 4006 vocis
1310 3941 1433 4020 θέμενοι

260 4059 356 4139 (unde
378 4062 527 4139 ταμιεύειν
549 4063 687 4137 pendet).
712 4064 750 4122 Iu
771 4079 788 4123 e
808 4078 871 4123 uno
893 4062 1021 4123 Stobaei
1043 4061 1132 4122 codd.
1154 4051 1337 4138 παραδόντες
1358 4058 1433 4117 ante

258 4177 405 4254 ταμιεύειν
429 4179 631 4238 collocatum.
659 4211 698 4221 -
724 4178 928 4252 Optimorum
949 4178 1037 4237 codd.
1060 4178 1093 4236 et
1113 4173 1241 4235 Stobaei
1263 4173 1337 4234 lect.
1358 4171 1434 4248 δῆλα

259 4289 327 4368 (pro
363 4289 456 4368 δειλά)
489 4294 679 4367 receperunt
708 4292 782 4352 inde
814 4308 833 4351 a
864 4292 1009 4352 Bekkero
1042 4305 1155 4350 omnes
1188 4288 1278 4348 editt.
1309 4299 1433 4346 necnon

293 4485 312 4550 ι)
329 4490 469 4547 Postquam
484 4488 555 4548 prius
570 4488 638 4546 δῆλον
653 4488 755 4546 excidit,
769 4489 877 4534 verbum
898 4484 1099 4551 προστετάξεσδαι
1117 4487 1243 4532 mutatum
1266 4484 1293 4529 in
1307 4485 1433 4545 προστετά-

259 4565 327 4619 ierac.
351 4565 447 4612 Similis
470 4567 624 4613 constructio
647 4569 758 4612 occurrit
781 4569 828 4614 485
843 4567 918 4612 A....
937 4565 1239 4624 ὡμολογι)σ1α....Ὡμο1.
1259 4565 1305 4609 Καὶ
1322 4561 1368 4622 μὴν
1385 4557 1434 4625 (sc.

261 4641 314 4708 ὡμ.)
332 4650 378 4691 κτλ.
