3278 5098
831 312 870 371 76

264 499 344 576 Quia
374 499 472 560 verba
503 494 542 568 ὡς
574 495 645 574 μήτε
676 494 786 568 αὐτοὺς
817 494 925 576 γόητας
956 491 1043 567 ὄντας
1066 511 1133 557 acc.
1158 496 1326 558 absolutus
1349 498 1437 573 sunt,

264 612 350 673 male
381 610 492 672 stalli.
525 609 624 670 vertit
651 613 707 685 „ut
729 610 917 670 statuamus
939 624 1043 683 neque
1058 653 1064 670 .
1079 653 1086 670 .
1101 653 1108 670 .
1122 611 1261 690 nequs.”¹
1283 609 1374 670 Hanc
1398 610 1438 670 ob

263 741 396 787 causam
421 723 600 786 Richardsii
621 723 734 795 (Oiass.
755 724 834 784 Rev.
859 722 955 803 1893)
977 724 1237 785 emendationem
1250 722 1439 804 παράγοντας

262 854 395 921 prorsus
429 838 650 900 necessariam
684 838 774 898 duco.
810 837 933 898 Collato
967 840 1079 899 autem
1115 838 1275 899 consimili
1304 838 1374 899 loco
1404 839 1439 898 in

264 953 372 1018 3800
408 944 619 1032 (uiuentis
653 948 692 1011 tv
726 951 772 1030 εἴη
802 953 1046 1030 τῶν...τύιιοιν,
1076 951 1108 1012 ἐν
1140 946 1163 1036 ᾧ
1188 951 1285 1030 δεήσει
1308 951 1438 1024 τοὺς...

262 1065 356 1148 λέγειν
375 1065 425 1127 καὶ
437 1113 443 1125 .
456 1112 463 1124 .
477 1112 503 1125 ..
523 1069 629 1142 ποιεῖν,
640 1060 683 1142 μὴ’
702 1063 822 1124 πάντων
841 1065 936 1126 αἴτιον
955 1064 1006 1126 τὸν
1025 1065 1101 1127 θεόν
1121 1082 1165 1128 se.
1186 1058 1274 1143 εἶναι)
1293 1067 1440 1143 suspicor

263 1183 432 1245 Platonem
456 1181 508 1241 hic
531 1179 700 1255 scripsisse
720 1183 827 1257 ποιεῖν,
848 1176 910 1252 [ὡς]
932 1178 1002 1257 μήτε
1022 1178 1132 1252 αὐτοὺς
1151 1178 1259 1260 γόητας
1279 1178 1337 1259 (sc.
1350 1173 1438 1259 εἶναι)

212 1298 305 1380 But
336 1293 524 1373 μεταβάλλειν
547 1298 605 1352 κτλ.
630 1284 649 1376 ΙΙ
673 1293 772 1354 Recte
795 1294 856 1353 Ast
881 1291 1039 1370 (Schneid.
1064 1293 1147 1355 Bait.
1172 1291 1317 1374 campi.)
1341 1295 1440 1356 verba

263 1407 452 1470 ἐνδατεῖσθαι
474 1405 525 1480 τὰς
549 1405 598 1481 ἑὰς
622 1405 778 1479 εὐπαιδίας
793 1401 815 1484 ¹)
840 1421 859 1467 a
882 1407 1070 1468 continuata
1093 1408 1249 1469 orationis
1271 1409 1355 1470 serie
1374 1424 1440 1470 non

263 1523 412 1584 secrevit.
437 1522 507 1583 Sec.
533 1521 663 1596 campb.
689 1522 758 1581 Par.
782 1522 811 1580 A
831 1514 933 1580 παιών’
957 1536 1032 1582 cum
1052 1522 1119 1583 cod.
1141 1522 1250 1583 Malat.
1271 1523 1304 1583 et
1323 1519 1446 1588 Ven.E

263 1637 403 1698 exhibet.

298 1905 318 1972 ¹)
335 1909 431 1956 Versus
449 1909 509 1955 sunt
526 1905 593 1969 apud
610 1889 720 1953 Dindurf
736 1905 853 1965 Aosohyi.
872 1904 904 1952 ir.
921 1905 968 1952 281
988 1902 1022 1965 (λξ
1039 1905 1129 1964 ἀδήλων
1146 1905 1286 1970 δραμάτων).
