3260 5098
777 341 838 400 149

221 523 317 604 1893)
354 527 647 600 interpunctionem
682 529 873 589 mutandam
907 530 1034 592 censuit
1069 531 1103 590 in
1136 531 1222 592 hunc
1262 529 1394 590 modurn

221 638 257 698 Τι’
286 634 319 697 δὲ
351 637 405 716 δή;
436 632 520 698 εἶπον
544 656 549 668 ·
576 636 611 698 τὰ
638 638 704 719 περὶ
726 639 777 700 τὸν
800 639 940 719 πόλεμον,
961 650 1024 714 πῶς
1038 688 1122 702 .....
1146 642 1315 721 πολεμίους,
1338 634 1395 722 ἆρα

217 755 288 829 avi,
314 752 423 825 itaque
446 753 545 813 verba
568 761 631 824 τισς
644 799 730 812 .....
755 752 914 831 πολεμίους
938 755 1119 829 explicandi
1141 758 1247 831 gratia
1270 757 1396 818 adiecta

218 881 290 928 esse
306 860 337 938 ¹).
353 899 392 910 -
406 865 603 926 Particulam
628 862 666 925 dv
688 867 723 927 in
745 861 812 927 ποῖ’
843 863 881 927 dv
906 864 966 946 (sic
985 869 1100 943 optimi
1120 871 1208 931 codd.
1229 872 1262 931 et
1282 871 1355 931 inde
1375 886 1395 931 a

217 979 362 1041 Belrkero
393 993 507 1040 omnes
522 971 545 1058 ²)
573 980 664 1040 editt.
688 982 816 1054 praeter
842 981 973 1041 Aetium
998 981 1161 1055 legentem
1185 986 1285 1053 τοῖσι)
1308 984 1395 1043 idem

219 1110 248 1154 r.
280 1092 310 1154 d.
342 1093 394 1154 hic
416 1091 491 1152 ferri
515 1107 578 1152 non
604 1108 698 1169 posse
722 1096 809 1155 recte
834 1094 1089 1157 demonstravit:
1114 1081 1189 1156 oum
1214 1096 1301 1157 enirn
1325 1090 1393 1155 τοῖ’

219 1208 312 1269 unice
346 1206 387 1267 ad
421 1228 471 1283 μοι
504 1205 716 1283 καταφαίνεται
751 1208 863 1269 referri
894 1209 1007 1286 possit,
1039 1209 1131 1270 nobis
1163 1224 1227 1270 non
1257 1209 1333 1270 licet
1356 1211 1396 1271 ad

217 1315 283 1382 τοῖ’
309 1317 346 1380 ἂν
370 1324 480 1382 mente
503 1321 652 1396 supplere
676 1320 722 1399 εἴη
747 1319 782 1381 τὰ
805 1320 852 1381 σοὶ
879 1321 1125 1400 καταφαινόμενα
1154 1320 1214 1402 (sio
1242 1323 1395 1401 camphi,

216 1436 293 1510 quia
325 1431 475 1496 Socrates
510 1437 709 1496 sententiam
745 1441 841 1497 suam
874 1436 942 1497 iam
978 1438 1033 1497 diu
1065 1439 1213 1512 paratam
1246 1439 1395 1500 habebat.

216 1548 373 1610 Richards
406 1549 516 1623 itaque
552 1534 627 1628 (non
662 1550 863 1625 improbante
899 1549 1046 1625 Gampb0)
1083 1551 1121 1611 ci.
1156 1555 1227 1611 ιιαῖα
1260 1550 1308 1629 δή,
1338 1567 1397 1626 ego

218 1666 330 1726 autem
364 1663 451 1725 malo
482 1671 524 1747 τῇ
555 1661 604 1742 (V.
637 1666 672 1735 L)
703 1663 751 1740 δή.
784 1664 903 1725 Statim
933 1667 1006 1740 post
1032 1643 1256 1740 corrigendum
1282 1681 1397 1727 censeo

219 1777 319 1839 αὐτῶν
341 1774 401 1855 μὴν
425 1793 482 1852 pro
505 1800 534 1838 σι.
558 1774 621 1854 μέν.
647 1812 689 1820 -
716 1776 797 1839 Clar.
818 1777 1030 1839 Leeuwenius
1052 1773 1126 1855 (Mn.
1151 1753 1246 1857 1890,
1266 1796 1296 1854 p.
1319 1777 1395 1858 263)

217 1909 274 1968 pro
308 1889 431 1954 θέλουσι
464 1892 608 1966 reposuit
643 1889 752 1969 ἑλοῦσι,
782 1892 866 1966 quod
897 1889 1020 1952 θέλουσι
1059 1909 1118 1954 nec
1157 1909 1233 1954 cum
1267 1898 1397 1973 χρῆσθαι

217 2008 307 2082 iungi
337 1993 440 2082 neque
471 2008 619 2070 absolute
652 2007 745 2078 (mire
769 2007 900 2082 Gampb.
926 2009 966 2068 ad
990 2004 1112 2085 θέλουσι
1136 2008 1289 2070 subaudit
1311 2006 1396 2087 ἔχειν)

218 2122 362 2196 positum
385 2122 462 2183 ferri
483 2121 604 2196 possit;
628 2119 775 2196 perficies
799 2121 1072 2197 emendationem,
1096 2123 1125 2182 si
1149 2118 1397 2205 σ6σ1αατῇόἒγρα

166 2234 196 2298 Β
219 2238 393 2314 expuleris,
418 2238 493 2311 quia
517 2253 536 2298 a
556 2235 674 2297 διδόναι
693 2237 812 2312 pendet
830 2234 1011 2297 infinitivus
1029 2241 1159 2316 χρῆσθαι
1180 2241 1235 2308 (sc.
1256 2234 1359 2320 αὐτῷ).
1376 2227 1394 2320 ll

220 2352 290 2413 Par.
326 2353 355 2411 A
389 2352 495 2413 exhib.
530 2349 560 2410 τί
591 2347 641 2409 δαὶ
676 2344 706 2409 δ’
741 2336 903 2427 ἐξιῶθῆναι
934 2367 1007 2411 cum
1040 2373 1085 2430 γρ.
1117 2350 1146 2410 τί
1175 2346 1207 2409 δὲ
1239 2348 1397 2429 ἕξιαθῆναι
1512 2391 1521 2408 .

220 2482 240 2526 a
262 2481 305 2526 m.
331 2481 356 2525 a.
380 2499 420 2509 -
441 2466 518 2526 Par⁰
539 2465 569 2524 A
588 2464 754 2525 emittenti
772 2461 824 2523 καὶ
843 2465 936 2537 (quod
957 2465 990 2524 in
1010 2465 1089 2526 Ven.
1104 2467 1138 2522 H
1146 2480 1209 2525 noa
1223 2465 1396 2544 omissum)

219 2580 295 2640 ante
315 2576 419 2656 μηδενὶ
439 2580 615 2655 paruerunt
634 2579 695 2638 Ast
712 2578 806 2638 Schn.
831 2578 943 2638 Herm.
957 2578 1076 2655 Baiter,
1089 2579 1173 2651 quod
1185 2579 1395 2656 probandum,

220 2695 296 2769 quia
325 2695 434 2769 procul
457 2694 552 2755 dubio
575 2693 716 2767 alioquin
740 2692 833 2752 Plato
856 2692 1036 2766 scripturus
1059 2692 1165 2753 fuerat
1189 2687 1263 2769 μηδ’
1290 2691 1396 2764 ἐξεῖναι

143 2799 328 2892 Ι(ἶμηόεαί
356 2811 414 2868 nri.
438 2800 458 2891 ΙΙ
482 2808 646 2868 Herwerd.
679 2807 752 2877 (lin.
787 2807 882 2881 1883,
916 2803 1111 2882 dubitanter)
1141 2806 1238 2866 verba
1266 2805 1339 2885 πρὸς
1363 2804 1395 2865 τὸ

110 2979 114 2986 ,
221 2922 336 2983 abesse
359 2921 496 2997 mavult,
521 2923 607 2981 recte
630 2921 726 2995 puto;
752 2919 791 2979 cf.
816 2919 976 2993 Euthyph.
1005 2920 1044 2979 14
1068 2919 1104 2979 Β.
1121 2919 1226 2980 Locus
1246 2921 1279 2980 in
1299 2922 1394 2994 Legg.

167 3029 198 3094 Ι)
223 3038 286 3097 666
309 3036 339 3095 A
360 3033 539 3113 προθύμους
562 3026 638 3092 εἶναι
660 3030 734 3112 πρὸς·
757 3028 808 3103 τὰς
828 3031 907 3115 ᾠδάς
927 3034 990 3093 huc
1010 3047 1074 3093 non
1094 3034 1243 3108 pertinet.
1265 3025 1395 3116 1111666·

218 3149 340 3210 riorum
361 3147 448 3208 codd.
470 3147 525 3206 alii
544 3147 654 3206 Aiacis
673 3161 793 3206 nomen
813 3146 979 3221 omittunt,
992 3147 1025 3205 in
1038 3146 1111 3206 aliis
1124 3162 1188 3208 vox
1200 3147 1358 3209 incertam
1374 3138 1396 3216 ⁸)

220 3263 331 3323 sedem
354 3260 461 3336 habet,
481 3261 567 3321 sicut
585 3260 618 3320 in
638 3259 761 3332 aliquot
781 3259 995 3334 Hermogenis
1007 3260 1095 3320 codd.
1106 3278 1114 3335 ;
1128 3261 1157 3320 si
1170 3276 1234 3320 vox
1245 3261 1395 3338 genuina,

220 3378 310 3438 artic.
341 3374 393 3435 τὸν
422 3377 498 3436 ante
529 3373 766 3452 εὐδοκιμήσαντα
798 3375 962 3450 delendae,
994 3375 1056 3464 sin·
1078 3375 1198 3450 spuria,
1228 3376 1311 3450 qaod
1335 3392 1396 3436 non

220 3491 333 3566 dubito,
366 3490 578 3563 expungenda
610 3490 643 3549 et
672 3489 845 3562 legendum
877 3490 928 3548 est
955 3486 1006 3547 τὸν
1026 3486 1123 3547 eddon.
1152 3486 1274 3555 <τὸα>
1303 3486 1335 3547 ἐι
1357 3499 1396 3568 τῷ

220 3601 345 3688 τιαλέμφ.
370 3602 444 3662 Mox
468 3603 691 3677 corrigendum
716 3604 767 3662 est
789 3598 840 3661 καὶ
866 3598 971 3673 <ἒα>
998 3606 1058 3672 τοῖς
1080 3601 1225 3671 τοιούτοις
1249 3603 1282 3662 66
1301 3602 1397 3676 paulo

172 3719 297 3795 lipost
319 3716 416 3794 νυνδὴ
440 3718 655 3778 scribendum.
681 3707 700 3799 ΙΙ
725 3714 962 3776 Herwerdenus
987 3712 1061 3792 (Mn.
1090 3713 1185 3792 1883)
1206 3717 1240 3775 et
1259 3713 1398 3776 Oobotus

221 3834 310 3906 (nota
329 3829 405 3910 me.)
424 3847 503 3893 corr.
517 3828 565 3890 ἐπὶ
577 3839 711 3909 στρατιᾶς
726 3829 783 3900 (sic
795 3829 866 3889 Par.
880 3830 936 3904 A);
957 3829 1059 3890 etiam
1071 3829 1104 3888 in
1117 3830 1181 3889 468
1194 3828 1220 3887 Β
1233 3829 1396 3889 Herwerd.

222 3955 356 4026 στρατιᾶς
384 3946 576 4020 requirebat.
601 3946 645 4004 At
667 3944 761 4004 unice
785 3941 934 4021 στρατείας
957 3958 1073 4003 verum
1097 3945 1158 4018 est,
1182 3943 1245 4003 vid.
1269 3943 1397 4003 Ruhnk.
1506 3938 1510 3945 '

224 4061 264 4121 ad
286 4061 369 4121 Tim.
394 4060 472 4120 Lex.
495 4075 526 4134 p.
552 4059 616 4118 240
641 4059 674 4118 et
697 4057 866 4118 Heliorum
888 4056 922 4115 in
947 4055 1038 4116 (luris
1063 4055 1138 4117 Grit.
1163 4071 1192 4130 p.
1220 4057 1271 4118 19.

257 4327 277 4396 ¹)
295 4331 321 4378 si
341 4330 403 4390 quid
420 4328 581 4385 mutandum,
599 4328 669 4388 quod
685 4330 772 4375 tamen
789 4341 840 4374 non
857 4328 929 4387 puto,
946 4327 983 4372 sio
999 4325 1148 4384 interpungi
1165 4327 1264 4384 potest:
1280 4329 1302 4371 ri
1317 4325 1342 4369 di
1357 4325 1398 4382 dp,-

223 4405 294 4458 εἶπον·
320 4411 350 4456 σὰ
372 4411 424 4474 περὶ
448 4409 489 4455 τὸν
505 4411 607 4468 πόλεμον
622 4417 719 4464 σῶμ...
736 4412 871 4467 πολεμίους,Ι
890 4401 935 4470 ἆρα
952 4409 999 4452 κτλ.
1017 4406 1033 4451 i.
1053 4417 1075 4452 e.
1093 4407 1233 4464 „quantum
1251 4404 1283 4451 ab
1300 4403 1398 4450 ballum

224 4490 316 4538 attinet
333 4497 381 4544 πῶς
397 4475 460 4537 ιιιλ.”’
628 4493 631 4498 ’

258 4565 278 4630 ²)
295 4569 400 4617 Necnon
415 4567 505 4617 Stallb.
525 4567 596 4633 1858.

257 4644 279 4714 ³)
296 4649 359 4696 Post
376 4651 528 4712 yrpoelpwbaa
546 4647 670 4694 collocata
688 4649 735 4694 est.
