3278 5098
820 353 869 394 XII

99 507 234 578 lordan
302 515 470 578 Sententia
493 519 632 579 Ionnaru
660 519 812 598 (Hermes
839 524 909 585 Vol.
933 525 1013 585 XIII
1039 527 1123 587 1878
1158 528 1203 587 Zu
1234 530 1296 590 den
1327 481 1432 592 Hand·

257 629 412 691 Schriften
436 631 465 692 d.
489 630 580 706 Rep.)
604 635 642 694 de
667 633 816 696 Civitatis
839 637 985 698 codicum
1010 641 1199 712 cognatione
1223 644 1303 704 haec
1326 647 1393 705 est:

315 1094 1239 1418 QJN

385 1275 406 1321 α’
491 1273 570 1320 Lobc
580 1272 678 1320 vincn
704 1287 721 1318 n
830 1238 876 1305 θ’)

872 1438 971 1483 ΘΦῑ
1109 1436 1362 1499 ΒΚᾳβἿιιιᾱΑ

337 1502 509 1552 nvindi*

299 1685 344 1746 De
368 1686 530 1746 codicibus
554 1701 574 1746 a
597 1689 631 1746 et
653 1683 678 1765 γ’
702 1687 878 1747 Schanzius
902 1687 1023 1748 rectius
1046 1688 1218 1749 iudicavit:
1243 1704 1318 1748 cum
1342 1689 1429 1749 enim

254 1800 288 1860 in
311 1800 405 1859 Laur.
430 1796 456 1877 γ’
480 1799 578 1859 verba
601 1796 680 1869 τέλος
703 1807 756 1858 τοῦ
779 1799 898 1878 πρώτου
919 1800 1048 1879 βιβλίον,
1077 1817 1159 1874 quae
1182 1802 1216 1862 in
1242 1803 1268 1861 Θ
1287 1803 1297 1862 t
1317 1818 1336 1863 a
1356 1820 1373 1863 c
1395 1804 1428 1861 in

254 1913 424 1973 Menexeni
446 1911 509 1972 flne
533 1915 714 1988 occurrunt,
739 1914 855 1990 desint,
881 1913 982 1974 codex
1005 1928 1025 1973 a
1045 1930 1086 1974 ex
1105 1911 1132 1993 γ’
1151 1914 1285 1976 fluxisse
1305 1917 1427 1989 nequit.

91 2029 230 2098 wohlr,
299 2026 463 2102 Quomodo
498 2025 726 2086 Worrnnnsrus
760 2027 895 2088 Pelidae
909 2097 912 2103 ¹
927 2028 1053 2087 codices
1083 2028 1279 2088 ordinaverit
1308 2031 1427 2105 nescio,

253 2156 328 2202 cum
352 2140 434 2200 mihi
456 2139 526 2200 eius
546 2139 626 2199 liber
649 2140 725 2215 ,Die
744 2141 1015 2201 Platonhandsch.
1036 2142 1101 2200 und
1121 2141 1190 2201 ihre
1209 2143 1428 2216 gegenseitige

253 2254 501 2326 Beziehungen''
524 2255 653 2326 praesto
676 2268 740 2314 non
762 2254 869 2315 fuerit.
902 2254 971 2314 Hoc
994 2257 1123 2315 tanturn
1147 2255 1224 2315 novi
1247 2270 1323 2315 eum
1347 2257 1426 2316 codi-

255 2383 309 2428 ces
339 2368 372 2427 in
402 2368 471 2427 tres
501 2366 624 2426 classes
653 2367 804 2428 divisisse
836 2368 874 2427 ob
896 2382 1032 2440 eamque
1056 2383 1125 2428 rem
1150 2384 1169 2429 a
1193 2369 1227 2428 L.
1253 2368 1372 2430 Oohnio
1396 2370 1428 2429 in

257 2480 389 2556 ,Philol
414 2480 574 2553 Anneiger
599 2481 705 2541 1887”
730 2481 951 2554 vituperatum
975 2496 1057 2541 esse.

85 2598 228 2685 Gampb.
297 2594 528 2654 Caussannrus
557 2594 694 2667 denique
732 2594 813 2654 item
847 2595 1009 2668 tripartito
1040 2593 1139 2654 libros
1170 2611 1250 2656 mss.
1282 2596 1428 2657 dividens

250 2709 334 2769 hanc
360 2709 506 2768 tabulam
529 2708 562 2767 in
585 2707 820 2783 volupes
846 2709 993 2768 codicum
1016 2708 1223 2782 descriptioni
1242 2709 1427 2770 subiunxit:

487 2820 698 2902 HAbdff

404 3018 406 3023 .
472 2932 751 3013 illlquri'lI
819 2936 931 2996 ιΦΘ
999 2935 1230 2996 VindDEF

454 3045 843 3125 llllliiiruacxtc

295 3162 463 3223 Codicibus
486 3156 510 3222 t¹
534 3165 567 3222 et
589 3178 611 3222 n
633 3164 742 3223 locum
766 3178 829 3222 non
853 3162 1043 3235 assignavit.

293 3275 364 3334 Etsi
394 3290 458 3335 non
486 3277 519 3333 in
550 3276 700 3335 omnibus
730 3291 805 3336 cum
838 3277 996 3337 Schanzio
1026 3277 1119 3351 facie,
1148 3277 1218 3336 eius
1241 3277 1323 3336 ratic
1347 3275 1426 3336 mihi

248 3390 360 3448 tamen
394 3388 586 3462 probabilior
619 3404 717 3461 quarn
752 3392 933 3450 ceterorum
969 3405 1042 3467 esse
1078 3390 1213 3449 videtur.
1245 3389 1426 3461 Aliquando

249 3500 398 3576 fortasse,
430 3503 458 3562 si
490 3505 639 3563 accurate
670 3503 779 3563 variae
811 3503 968 3574 cuiusque
992 3503 1111 3563 codicis
1134 3518 1252 3563 manus
1276 3503 1425 3562 enotatae

248 3616 379 3690 fuerint,
415 3616 555 3676 certiora
585 3616 704 3676 iudIcia
738 3616 776 3676 de
809 3617 1009 3691 cognatione,
1041 3631 1104 3689 qua
1134 3617 1269 3677 Politiae
1300 3616 1425 3676 codices

249 3728 485 3809 contineantur,
515 3728 656 3801 proferre
685 3728 804 3803 licebit,
837 3744 951 3788 verum
979 3730 1083 3789 adhuc
1105 3732 1257 3802 percaute
1282 3729 1424 3788 virorum

248 3839 417 3904 doctorum
443 3841 482 3900 de
509 3855 548 3900 ea
570 3841 807 3914 suspicionibus
831 3844 864 3901 et
887 3841 1153 3902 hariolationibus
1174 3841 1255 3902 fides
1279 3843 1424 3904 habenda

247 3957 308 4017 est.
332 3956 425 4015 Nunc
447 3954 619 4014 redeamus
643 3969 679 4014 eo
703 3954 786 4014 unde
810 3955 946 4028 digressi
969 3970 1093 4014 sumus.

293 4067 442 4129 Civitatis
482 4067 638 4126 editiones
679 4068 933 4140 praestantiores
975 4068 1086 4141 paucis
1129 4083 1301 4128 recensuro
1343 4069 1424 4128 mihi

101 4180 225 4268 saaph.
249 4152 379 4242 initium
411 4180 594 4241 faciendum
625 4196 644 4240 a
675 4180 843 4240 Srnrarnr
866 4181 1014 4241 edItione.
1039 4182 1072 4240 Is
1097 4182 1136 4240 ad
1163 4181 1308 4243 Platonis
1328 4198 1424 4257 opera

248 4297 370 4357 edenda
392 4297 520 4369 praeter
542 4295 694 4354 Aldinam
713 4296 747 4353 et
765 4294 969 4354 Basileenses
989 4294 1079 4353 editt.
1098 4309 1256 4368 magnum
1276 4295 1420 4356 codicum

262 4461 481 4472 -—..—.-

248 4561 276 4607 ot
291 4556 393 4604 codices
409 4517 492 4602 Vind,
502 4557 524 4611 1,
543 4557 571 4615 Θ,
588 4557 609 4602 t'
626 4567 658 4602 cx
673 4554 802 4601 communi
818 4553 889 4602 fonte
908 4552 1034 4611 originem
1052 4553 1156 4602 duxisse
1172 4554 1252 4613 putat.
1270 4552 1335 4600 (tum
1351 4552 1421 4601 codi-

248 4636 322 4686 cibus
341 4637 403 4683 ΘΦι
418 4634 540 4682 Laurent.
557 4648 574 4680 n
591 4632 738 4691 conspirare
754 4631 943 4682 animadvertit.
