3278 5098
873 310 915 369 30

307 496 441 557 Photius
471 498 611 556 testetur
640 511 676 556 se
703 496 817 558 Boethi
841 495 939 557 libros
963 493 1093 569 (Λέξεων
1117 501 1252 559 moveo.
1277 516 1379 582 συναμ.
1405 503 1480 563 κατὰ

307 613 448 688 στοιχεῖον
478 611 510 670 et
541 607 617 690 Περὶ
646 617 705 670 τῶν
734 608 816 690 παρὰ
848 609 987 671 Πλάτωνι
1014 608 1229 691 ἀπορουμένων
1252 611 1368 688 λέξεων)
1393 619 1480 679 adhi-

307 722 417 784 buisse
440 724 601 798 simulque
625 725 658 785 in
681 725 722 785 iis
744 726 834 802 locis,
859 727 913 787 ubi
936 724 1032 804 νυνδὴ
1053 728 1139 788 idem
1162 730 1260 802 atque
1282 727 1346 807 ἄρτι
1359 732 1478 810 valeat,

307 851 324 895 e
348 837 480 899 Platone
500 839 607 899 locum
627 841 788 912 quendam
809 840 915 914 (Legg.
937 842 1001 901 683
1021 841 1055 912 li)
1076 841 1236 919 citaverit,
1258 845 1396 930 dubitari
1414 861 1479 907 non

303 954 412 1026 potest
444 953 521 1026 quin
555 953 624 1027 ipse
658 954 802 1015 Boethus
833 969 929 1028 super
959 955 1048 1016 vocis
1080 952 1175 1032 νυνδὴ
1208 973 1270 1018 usu
1301 959 1479 1036 scripserit,

303 1067 387 1140 quod
417 1068 488 1128 sine
519 1068 614 1128 dubio
645 1083 709 1128 non
739 1068 880 1145 fecisset,
912 1070 941 1128 si
973 1069 1070 1146 νυνδὴ
1095 1085 1114 1130 a
1138 1071 1302 1132 Platonico
1326 1088 1479 1134 sermone

305 1182 426 1242 afuisse
450 1182 671 1255 comperisset.
692 1183 826 1243 Photius
845 1184 924 1244 haec
945 1184 1060 1244 habet:
1082 1183 1187 1262 νυνδή·
1208 1182 1313 1262 ἀρτίως
1333 1181 1353 1264 ἦ
1372 1185 1481 1266 μικρὸν

306 1295 484 1376 ἔμπροσθεν.
517 1295 633 1373 Νόμοις
664 1299 739 1368 (683
769 1298 814 1368 a)-
846 1295 865 1377 ἢ
897 1297 993 1376 νυνδὴ
1020 1295 1131 1378 [ὀλίγον
1155 1297 1324 1379 ἔμπροσθεν
1349 1301 1483 1370 (delevit

306 1412 429 1482 Badh.)]
454 1410 567 1481 τούτοις
590 1414 647 1470 ιιτλ.
668 1404 721 1468 Ἐν
745 1407 777 1470 δὲ
800 1417 860 1484 τοῖς
884 1412 999 1490 Νόμοις
1023 1415 1099 1484 (629
1122 1415 1159 1485 D)
1184 1412 1481 1493 διαλελυμένον

305 1523 420 1603 εἴρηκεν
443 1522 476 1583 τὸ
499 1520 552 1601 μὲν
576 1533 633 1584 νῦν
657 1522 704 1584 ἐπὶ
728 1534 779 1586 τοῦ
803 1525 949 1605 παρόντος
972 1526 1092 1607 χρόνου,
1114 1524 1146 1586 τὸ
1171 1523 1203 1586 δὲ
1228 1525 1264 1604 δὴ
1287 1525 1335 1587 ἐπὶ
1355 1524 1482 1588 συνδέσ-

305 1656 384 1719 μου]
404 1635 437 1710 ὃς
462 1636 498 1714 δὴ
522 1637 642 1699 πάντων
666 1647 723 1698 τῶν
747 1638 883 1718 πολέμων
906 1641 1115 1720 χαλεπώτατος,
1138 1641 1177 1713 ὥς
1198 1663 1297 1718 φαμεν
1316 1637 1399 1720 ἡμεῖς
1422 1651 1481 1702 νῦν

306 1747 365 1829 δεῖ.
390 1753 545 1813 Similiter
569 1752 759 1813 Eustatlrius
782 1755 878 1832 νυνὸη
902 1757 1099 1817 coniunctim
1114 1748 1135 1825 ¹)
1156 1756 1427 1831 scribi-oportere,
1450 1757 1482 1816 si

305 1866 379 1946 ἄρτι,
398 1865 502 1948 ἀρτίως
523 1868 692 1945 significet,
714 1870 815 1931 docet.
837 1872 882 1931 De
904 1871 991 1932 vocis
1011 1873 1146 1932 accentu
1159 1871 1351 1945 ambigitur3
1366 1885 1479 1930 secun·

305 1984 383 2043 <lum
406 1983 614 2044 Eustathium
638 1983 735 2060 νύνδη
759 1987 929 2059 (paroxyt.)
953 1979 1193 2056 scribendum‘i
1216 1987 1277 2061 est,
1298 1984 1480 2045 secundum
1596 1977 1598 1984 ’

306 2096 472 2173 Cobetum,
497 2099 761 2174 Herwerdenum,
787 2100 867 2160 alios
889 2098 986 2177 νυνδὴ
1009 2101 1061 2172 (cl.
1082 2099 1209 2178 δηλαδή,
1227 2097 1349 2176 ἐπειδή).
1372 2098 1480 2175 Quum

306 2215 416 2272 nostro
438 2213 472 2272 in
491 2213 560 2274 loco
580 2211 676 2290 νυνδὴ
696 2214 792 2274 scribi
813 2217 966 2291 oporteat,
987 2217 1074 2276 recte
1094 2213 1324 2287 Hirschigled.
1343 2211 1481 2284 Gorgiae

308 2328 404 2398 1873)
427 2327 495 2386 Vlm
522 2329 556 2388 L.
581 2324 803 2406 ἀποκρίνασθαι
826 2329 985 2402 probavit.
1456 2391 1459 2396 ,

107 2518 110 2524 1
160 2434 221 2492 341
251 2427 282 2495 Α
349 2444 469 2516 Utique
496 2441 669 2514 legendum
699 2439 732 2500 τὸ
755 2449 808 2501 τοῦ
831 2441 994 2521 κρείττονος
1019 2446 1137 2514 [ποιεῖν]
1163 2439 1324 2522 ξυμφέρον,
1348 2442 1411 2502 vid.
1436 2441 1481 2502 ad

251 2543 281 2608 Β
306 2557 407 2620 339Ε
431 2557 525 2619 dicta.
551 2548 571 2640 ΙΙ
595 2558 777 2632 stephanus
802 2573 879 2618 voce
903 2555 943 2635 μὴ
967 2558 1000 2618 in
1022 2556 1129 2619 verbis
1148 2555 1188 2634 μὴ
1208 2554 1312 2617 λαθὼν
1332 2557 1481 2618 offensus

303 2676 485 2738 correxerat
510 2669 569 2750 μὴν
593 2669 697 2730 λαθὼν
722 2672 772 2731 vel
796 2692 830 2747 με
854 2671 901 2743 (V.
926 2673 972 2742 L.)
995 2669 1099 2731 λαθὼν
1123 2673 1180 2742 (sic
1204 2674 1237 2753 et
1260 2673 1342 2747 Ast),
1364 2685 1477 2745 prave,

304 2788 380 2860 quia
410 2785 450 2864 μὴ
482 2787 521 2846 ad
553 2786 658 2845 solum
690 2786 802 2860 partic.
834 2783 937 2845 λαθὼν
968 2787 1108 2860 pertinet
1139 2789 1172 2847 et
1203 2803 1242 2846 ea
1266 2785 1363 2846 verba
1390 2783 1479 2844 idem

305 2901 414 2961 valent
437 2908 534 2972 atque
557 2895 616 2957 ἀπὸ
640 2905 693 2958 τοῦ
716 2905 901 2976 προφανοῦς.
926 2898 1030 2975 Quum
1056 2915 1131 2960 vero
1155 2909 1193 2980 τῷ
1217 2898 1315 2981 λάθρᾳ
1335 2920 1361 2956 ιι
1380 2899 1480 2956 ποιεῖν

304 3029 406 3075 unum
428 3011 463 3072 τὸ
484 3012 535 3095 βίᾳ
558 3034 585 3070 ιι
607 3016 703 3071 ποιεῖν
727 3013 758 3082 (i.
780 3029 807 3073 e.
831 3011 997 3090 βιάζεσθαι)
1021 3013 1137 3088 opponi
1160 3013 1265 3074 soleat
1285 3011 1335 3082 (cf.
1357 3026 1407 3070 ex.
1428 3025 1478 3083 gr.

305 3129 368 3189 365
390 3128 415 3187 D
447 3123 513 3186 οὔτε
537 3124 699 3185 λανθάνειν
723 3121 790 3206 οὔτε
813 3124 988 3203 βιάσασθαι)
1010 3141 1047 3186 ac
1071 3126 1242 3200 Thrasym.
1267 3125 1372 3186 dicere
1397 3122 1481 3183 velit

303 3239 339 3300 οὐ
370 3238 426 3320 γὰρ
457 3235 494 3298 ἄν
518 3259 552 3315 με
575 3238 772 3317 κακουργοίης
794 3235 861 3297 οὔτε
884 3236 988 3299 λαθὼν
1012 3235 1085 3298 οὔτε·
1102 3238 1281 3317 βιασάμενος
1306 3239 1365 3308 (sic
1387 3238 1478 3297 recte

303 3356 365 3415 Ast
385 3353 580 3428 explicavit),
601 3368 714 3412 verum
736 3352 854 3412 vidisse
875 3352 955 3411 mihi
976 3352 1185 3412 doctissimus
1197 3351 1400 3424 Hirschigius
1415 3349 1477 3419 (ed.

304 3467 396 3542 Gorg.
431 3469 526 3538 1873)
558 3468 684 3528 videtur
714 3467 770 3527 illa
803 3468 898 3528 verba
928 3465 968 3544 μὴ
996 3465 1100 3527 λαθὼν
1124 3483 1141 3528 e
1165 3469 1261 3528 textu
1283 3465 1477 3540 eliminans;

302 3583 403 3643 lector
434 3582 551 3654 aliquis
573 3581 606 3640 in
630 3596 695 3654 mg.
720 3577 760 3656 μὴ
785 3577 888 3640 λαθὼν
911 3582 1125 3641 annotaverat
1148 3580 1317 3640 ostendere
1341 3578 1477 3652 cupiens

304 3712 339 3757 se
368 3696 513 3755 Platonis
544 3693 641 3754 verba
669 3693 767 3767 probe
797 3693 1009 3754 intellexisse.
1042 3694 1142 3754 Paulo
1172 3694 1246 3768 post
1276 3692 1397 3765 corrige
1429 3693 1479 3752 sis

306 3807 420 3883 <τὸ>
448 3816 582 3868 τοιοῦτον
613 3804 772 3887 ἐγγένηται.
795 3842 836 3848 --
861 3809 936 3868 Mox
966 3806 1037 3868 dele
1061 3808 1159 3868 verba
1186 3827 1216 3865 τε
1238 3803 1288 3865 καλ
1311 3804 1361 3865 τὸν
1383 3805 1478 3884 κρείτ-

303 3944 373 3982 τονα
388 3915 421 3996 ³),
446 3939 508 3984 non
523 3920 627 3983 'modo
650 3923 726 3996 quia
749 3922 843 3982 aliter
866 3923 1035 3995 sequentia
1055 3921 1217 4000 κρείττονος
1239 3917 1322 3991 ὄντος
1342 3935 1477 3995 prorsus

306 4111 524 4121 ...--————

334 4254 353 4323 1)
371 4259 401 4306 In
418 4256 578 4306 Bodleianoss
594 4258 621 4304 in
637 4255 767 4316 Euthyph.
786 4257 816 4302 la
835 4255 858 4302 D
878 4255 949 4315 νννδη
966 4254 1122 4302 coniunctim
1141 4253 1266 4314 scriptum
1285 4256 1332 4300 est.

335 4345 357 4412 2)
376 4350 408 4396 In
430 4350 484 4397 cod.
499 4347 608 4397 vindob.
626 4348 646 4394 F
664 4361 697 4394 m.
715 4361 736 4394 e.
754 4346 787 4393 od
805 4347 884 4394 aeta
901 4347 1011 4394 correxit
1028 4344 1043 4392 ἃ
1061 4351 1101 4392 νύν
1116 4345 1152 4406 δη,
1169 4345 1196 4392 in
1213 4358 1264 4404 mg.
1284 4346 1408 4390 annotans
1427 4343 1476 4403 ἤτοι

302 4441 349 4507 πρὸ
367 4443 433 4506 ὥρας
450 4439 552 4494 ὀξύνεται
571 4440 596 4486 ot
613 4436 856 4496 ἀντιδιαστελλόμινον
870 4445 901 4501 τῷ
918 4440 984 4500 ἁπλῷ
1001 4443 1046 4484 νῦν.

339 4529 358 4591 ³)
376 4537 503 4597 Κριλττονα
521 4545 567 4591 pro
584 4536 679 4594 ιιρελττοι
694 4529 823 4576 utrorum.
837 4528 938 4588 Ubique
953 4526 1026 4574 Plato
1040 4527 1131 4574 scribit
1140 4531 1233 4592 κρείττω
1243 4527 1301 4584 (340
1310 4520 1342 4589 ο),
1351 4529 1475 4589 κρείττους,

302 4616 401 4677 χιλρονς,
420 4615 484 4672 ἥττω,
503 4613 590 4678 ἥττους,
606 4611 663 4657 alia.
1476 4624 1479 4630 ·
