3278 5098
882 341 925 404 80

315 530 388 611 est),
409 536 443 594 at
467 533 514 593 sic
537 547 600 593 non
622 533 716 595 modo
736 531 830 614 λέγειν
850 536 960 595 mente
980 535 1205 612 supplendum,
1230 536 1408 597 sedetiam
1434 560 1490 595 τινι
1574 523 1587 571 ν’

315 646 366 708 vel
388 668 455 706 τινα
479 644 581 723 (verbi
603 643 696 727 λέγειν
716 643 873 725 subiecto)
894 661 988 722 aegre
1008 663 1158 709 caremus
1177 664 1218 710 ne
1238 664 1379 723 sequens
1399 647 1490 721 αὐτὸς

314 759 472 822 referatur
494 761 535 822 ad
558 757 707 821 ἀσκοῦντι.
731 761 901 822 Praeterea
921 761 1049 836 Madvig
1067 758 1271 840 proposuitd
1295 759 1486 833 <νιλέοντι>

315 871 388 951 πρὸς
407 877 457 933 κτλ
477 871 594 952 (deleto
614 875 769 935 nimirum
789 872 924 954 λέγοντι).
944 875 1084 949 Vulgata
1104 877 1214 937 autem
1234 877 1315 938 bene
1331 878 1489 954 sehabet,

315 986 391 1048 licet
409 989 573 1048 structura
592 989 720 1048 mutata
738 989 800 1049 sit:
820 986 933 1069 λέγοντι
952 989 1076 1051 scilicet
1096 991 1253 1066 scriptum
1266 993 1317 1052 est
1329 993 1488 1064 tanquam

315 1117 378 1162 non
397 1101 581 1179 ψεύσασθαι,
603 1103 659 1162 sed
682 1099 859 1187 ψευδομένῳ
883 1104 1124 1178 praecessisset.
1149 1105 1223 1167 Mox
1247 1105 1406 1165 Stobaeus
1429 1114 1489 1164 τῶν

316 1217 391 1277 ante
421 1224 540 1275 ναυτῶν
570 1216 691 1292 omisit,
722 1216 860 1278 fortasse
887 1219 984 1295 recte,
1016 1218 1056 1280 ci.
1088 1219 1183 1292 Legg.
1218 1219 1326 1279 737ss
1357 1226 1410 1296 τῆς
1435 1227 1490 1299 γης

261 1328 292 1393 l)
316 1351 344 1389 τε
367 1327 417 1390 καὶ
440 1329 593 1408 οἰκήσεων,
615 1332 682 1392 Ion.
707 1330 808 1391 538E
831 1338 884 1390 τοῦ
905 1329 1034 1407 μάντεώς
1054 1352 1083 1391 τε
1102 1328 1153 1390 καὶ
1172 1339 1321 1409 μαντικῆς.
1335 1323 1354 1417 ΙΙ
1369 1326 1441 1394 Par¹
1461 1333 1489 1392 A

314 1445 387 1505 lect.
419 1440 595 1524 δημιουργοὶ
623 1446 813 1519 receperunt
843 1444 1036 1521 Stephanus,
1068 1445 1226 1523 Schneid,
1251 1447 1375 1524 Herm,
1403 1449 1489 1521 quod

313 1557 422 1618 minus
452 1557 662 1632 probandum.
694 1558 793 1619 Recte
823 1557 890 1618 iere
920 1574 1035 1619 omnes
1065 1559 1155 1620 editt.
1188 1559 1217 1619 τί
1246 1557 1278 1620 δέ
1308 1576 1365 1635 pro
1388 1559 1417 1619 τί
1440 1559 1492 1619 δαί

313 1671 489 1733 ediderunt.
511 1673 571 1732 Pro
592 1668 644 1730 ἐάν
659 1692 692 1750 γε
712 1671 869 1732 stobaeus
889 1674 923 1732 et
942 1671 1065 1747 aliquot
1084 1673 1172 1735 codd.
1194 1670 1302 1753 ἐάνπερ
1322 1674 1488 1750 exhibent,

312 1786 396 1858 quod
426 1786 488 1845 Ast
518 1785 587 1846 iure
618 1785 868 1847 commendavit.
902 1820 943 1829 —
974 1785 1080 1847 Verba
1111 1782 1151 1857 ὡς
1181 1785 1411 1864 aliteraliter
1434 1787 1489 1847 alii

313 1897 572 1972 explicaverunt:
597 1898 743 1960 Schneid.
769 1898 899 1974 Oampb.
927 1897 1010 1976 (,ior
1033 1915 1052 1960 a
1074 1900 1159 1974 body
1181 1901 1217 1961 oi
1237 1898 1346 1978 men”)
1370 1901 1488 1960 intelli·

313 2014 393 2086 gunt
409 2015 575 2087 ,respectu
588 2013 839 2089 multitudinis”‚
853 2014 915 2073 Ast
926 2029 1003 2074 vero
1016 2015 1049 2074 et
1061 2013 1173 2075 Stallb.
1191 2014 1242 2090 ,in
1255 2013 1447 2074 universum
1458 2016 1488 2090 ;”

312 2127 473 2201 posterius
504 2127 619 2202 placet,
651 2127 726 2200 quia
757 2143 820 2188 non
852 2128 946 2188 modo
973 2128 1065 2202 plebs
1089 2129 1121 2188 et
1145 2128 1277 2203 milites,
1302 2128 1360 2188 sed
1385 2129 1489 2189 etiam

219 2219 221 2223 ’
311 2239 373 2314 ipsi
396 2240 609 2314 magistratus
633 2240 862 2314 cupiditatibus
886 2241 1045 2314 imperare
1069 2243 1102 2301 et
1126 2256 1181 2301 eas
1205 2256 1411 2315 compescere
1436 2243 1488 2302 de·

311 2353 396 2414 bont.
423 2347 477 2424 Ὡς
507 2352 617 2430 πλήθει
641 2352 732 2413 Plato
756 2353 838 2415 dixit
863 2369 927 2414 non
954 2353 1081 2415 diverse
1108 2355 1148 2414 ab
1169 2350 1208 2425 ῶς
1233 2351 1280 2412 ἐντὶ
1302 2352 1334 2414 τὸ
1358 2358 1488 2434 πλῆθος.

312 2466 460 2527 Praestat
488 2482 562 2528 vero
587 2463 711 2529 uertere
739 2468 908 2544 ,omnibus
932 2468 1148 2544 hominibus,”
1174 2471 1211 2529 ut
1235 2469 1388 2544 appareat
1413 2484 1488 2543 quo-

312 2582 405 2641 modo
428 2581 509 2656 plur.
534 2597 623 2643 num.
648 2579 802 2659 ὑπηκόους
825 2582 916 2657 sequi
936 2582 1048 2656 possit.
1069 2580 1194 2656 Duplex
1214 2580 1395 2660 σωφροσύνη
1417 2585 1487 2644 est:

313 2695 417 2756 civilis
441 2698 474 2756 et
496 2696 623 2771 privata
646 2692 685 2773 (s.
710 2693 910 2774 domestica).
936 2693 1079 2772 Πολιτικὴ
1103 2712 1178 2771 cap.
1202 2696 1243 2756 ad
1262 2710 1344 2756 unos
1364 2691 1490 2774 ἀρχομέ-

311 2829 384 2880 νους
412 2810 552 2884 pertinet
582 2805 634 2886 (ci.
667 2810 817 2885 exempla
847 2810 880 2869 in
911 2808 930 2886 ξ
961 2810 1007 2885 Ε),
1039 2807 1171 2886 λδιυυτικη
1202 2812 1313 2870 autem
1345 2824 1422 2885 σωφ.
1449 2810 1489 2870 ad

312 2938 459 2983 summos
491 2925 523 2983 et
553 2921 693 2999 intimos,
725 2922 936 2997 quamobrem
967 2923 999 2982 in
1032 2924 1176 2983 390AB
1207 2937 1255 2996 sq.
1281 2922 1331 2982 vel
1355 2923 1488 2999 Ulyxis,

311 3035 412 3112 iovis,
436 3035 547 3096 Martis
567 3033 724 3113 (virorum
747 3037 883 3097 minime
905 3033 1114 3114 plebeiorum)
1139 3037 1390 3112 intemperantia
1404 3038 1488 3098 vitu·

261 3149 288 3215 E
311 3151 450 3225 peratur.
472 3140 491 3232 ΙΙ
512 3150 604 3210 Prius
623 3150 868 3211 hemistichium
885 3149 1016 3209 ἴσον...
1037 3149 1147 3228 Ἀχαιοί
1157 3151 1304 3212 delerunt
1316 3149 1488 3227 Wiegand‚

310 3264 433 3340 Herm,
456 3263 562 3324 Nabar
584 3261 720 3342 (comm.
745 3265 826 3325 Plat.
852 3263 906 3342 H),
930 3265 1050 3340 Baiter,
1075 3264 1160 3325 male
1185 3264 1218 3324 ni
1241 3263 1351 3339 fallor;
1377 3263 1488 3324 solent

309 3377 396 3438 enim
427 3377 673 3453 interpolatores
703 3379 880 3438 immutata
910 3393 1013 3452 neque
1045 3393 1062 3438 e
1093 3377 1265 3451 longinquo
1289 3377 1402 3453 petita,
1429 3378 1489 3438 sed

309 3491 423 3551 statim
446 3492 670 3553 antecedentia
693 3491 745 3552 vel
769 3492 1000 3566 subsequentia
1025 3492 1123 3553 verba
1143 3492 1182 3552 ad
1201 3491 1309 3552 locum
1329 3491 1488 3552 adornan-

308 3606 386 3666 dum
421 3603 461 3683 (il
492 3607 643 3666 inserere.
676 3605 753 3665 Mihi
784 3606 876 3666 Plato
908 3606 1035 3666 videtur
1066 3607 1244 3667 memoriae
1274 3606 1369 3680 lapsu
1403 3607 1488 3667 duos
1565 3617 1571 3626 ·
1615 3634 1616 3685 3

307 3719 395 3778 locos
425 3719 510 3779 inter
540 3735 575 3779 se
606 3735 669 3779 non
701 3719 877 3779 dissimiles
908 3719 1106 3780 confundens
1137 3720 1184 3780 sic
1216 3718 1397 3794 scripsisse,
1422 3720 1488 3781 etsi

309 3832 438 3905 propter
461 3829 615 3892 verbani
638 3832 751 3892 τούτων
774 3829 896 3909 ἐχόμενοι
919 3835 1047 3893 constat
1066 3850 1143 3895 eum
1163 3835 1202 3894 de
1221 3834 1302 3894 libro
1321 3833 1380 3893 IV⁰
1405 3836 1488 3908 cogi·

308 3946 408 4005 tasse.
439 3944 538 4006 Recte
568 3945 666 4018 igitur
698 3945 856 4006 Schmelz.
893 3948 925 4006 et
954 3946 1084 4023 Gampb.
1111 3947 1277 4021 vulgatam
1302 3949 1487 4008 servarunt.

308 4058 430 4119 Versus
460 4060 493 4118 in
525 4059 626 4119 379u¹
651 4056 776 4139 ἀγαθῶν
799 4081 828 4119 τε
852 4070 953 4120 κακῶν
976 4083 1005 4120 τε
1030 4059 1161 4121 τέτυκται
1185 4060 1286 4121 simili
1309 4061 1409 4122 errori
1432 4061 1487 4122 tri-

307 4172 454 4233 buendus
478 4175 537 4234 est.

162 4297 226 4356 390
253 4293 284 4360 A
353 4285 432 4346 Oum
457 4287 602 4347 Belrlrero
626 4288 771 4362 suspicor
797 4289 893 4350 verba
915 4288 1094 4367 κορδυλειυι
1119 4281 1172 4350 ὦσι
1194 4288 1332 4369 τράπεζαι
1356 4291 1396 4351 ab
1417 4305 1486 4352 ora·

307 4399 405 4459 tionis
440 4399 523 4460 serie
557 4401 699 4475 separari
734 4405 889 4476 oportere.
926 4403 1090 4464 Editiones
1125 4403 1276 4477 vulgares
1312 4400 1487 4481 (δημώδους)

308 4513 427 4572 mirum
458 4516 615 4587 quantum
644 4515 683 4574 ab
708 4515 926 4578 Alexandrina
949 4518 1135 4578 recensione
1158 4516 1393 4591 discrepabant,
1420 4517 1486 4577 vid.

307 4625 340 4684 in
365 4627 428 4686 379
452 4626 478 4685 D
501 4633 601 4704 κηρῶν
624 4624 754 4703 ἔμπλειοι
774 4623 790 4688 ὃ
811 4625 864 4705 μὲν
884 4627 1010 4707 ἐσθλῶν,
1029 4627 1122 4709 αὐτὰρ
1141 4624 1158 4689 ὃ
1179 4629 1283 4690 δειλῶν
1301 4644 1358 4704 pro
1379 4629 1487 4710 δώρων
