<?xml version="1.0" encoding="UTF-8"?>
<!DOCTYPE html PUBLIC "-//W3C//DTD XHTML 1.0 Transitional//EN"
    "http://www.w3.org/TR/xhtml1/DTD/xhtml1-transitional.dtd">
<html xmlns="http://www.w3.org/1999/xhtml" xml:lang="en" lang="en">
 <head>
  <title>
</title>
<meta http-equiv="Content-Type" content="text/html;charset=utf-8" />
  <meta name='ocr-system' content='tesseract 3.04.00' />
  <meta name='ocr-capabilities' content='ocr_page ocr_carea ocr_par ocr_line ocrx_word'/>
</head>
<body>
  <div class='ocr_page' id='page_1' title='image "./notaecriticaead01hartgoog_0158.png"; bbox 0 0 3260 5098; ppageno 0'>
   <div class='ocr_carea' id='block_1_1' title="bbox 743 243 804 303">
    <p class='ocr_par' dir='ltr' id='par_1_1' title="bbox 743 243 804 303">
     <span class='ocr_line' id='line_1_1' title="bbox 743 243 804 303; baseline 0.033 -2"><span class='ocrx_word' id='word_1_1' title='bbox 743 243 804 303; x_wconf 83' lang='lat'>135</span> 
     </span>
    </p>
   </div>
   <div class='ocr_carea' id='block_1_2' title="bbox 113 423 1372 3807">
    <p class='ocr_par' dir='ltr' id='par_1_2' title="bbox 113 423 1372 3807">
     <span class='ocr_line' id='line_1_2' title="bbox 188 423 1364 510; baseline 0.003 -22"><span class='ocrx_word' id='word_1_2' title='bbox 188 429 329 503; x_wconf 88' lang='lat' dir='ltr'>primum</span> <span class='ocrx_word' id='word_1_3' title='bbox 359 428 410 488; x_wconf 88' lang='lat' dir='ltr'>bis</span> <span class='ocrx_word' id='word_1_4' title='bbox 440 428 527 489; x_wconf 86' lang='lat' dir='ltr'>idem</span> <span class='ocrx_word' id='word_1_5' title='bbox 554 428 680 488; x_wconf 82' lang='lat' dir='ltr'>dicatur</span> <span class='ocrx_word' id='word_1_6' title='bbox 703 423 732 506; x_wconf 76' lang='grc'>(1)</span> <span class='ocrx_word' id='word_1_7' title='bbox 755 426 788 488; x_wconf 82' lang='grc' dir='ltr'>τὸ</span> <span class='ocrx_word' id='word_1_8' title='bbox 810 425 904 488; x_wconf 81' lang='grc' dir='ltr'><em>κακὸν</em></span> <span class='ocrx_word' id='word_1_9' title='bbox 927 431 961 489; x_wconf 82' lang='lat' dir='ltr'>et</span> <span class='ocrx_word' id='word_1_10' title='bbox 983 425 1003 506; x_wconf 77' lang='grc' dir='ltr'><strong>ἢ</strong></span> <span class='ocrx_word' id='word_1_11' title='bbox 1025 426 1079 506; x_wconf 71' lang='grc' dir='ltr'><em>τὴν</em></span> <span class='ocrx_word' id='word_1_12' title='bbox 1102 437 1155 488; x_wconf 83' lang='grc' dir='ltr'>τοῦ</span> <span class='ocrx_word' id='word_1_13' title='bbox 1179 427 1312 510; x_wconf 70' lang='grc' dir='ltr'><em>ἄφρονός</em></span> <span class='ocrx_word' id='word_1_14' title='bbox 1335 455 1364 492; x_wconf 87' lang='grc' dir='ltr'>τε</span> 
     </span>
     <span class='ocr_line' id='line_1_3' title="bbox 190 538 1365 620; baseline 0.007 -21"><span class='ocrx_word' id='word_1_15' title='bbox 190 538 238 600; x_wconf 82' lang='grc' dir='ltr'>καὶ</span> <span class='ocrx_word' id='word_1_16' title='bbox 260 545 376 620; x_wconf 79' lang='grc' dir='ltr'><em>ποιοῦ),</em></span> <span class='ocrx_word' id='word_1_17' title='bbox 399 543 513 603; x_wconf 90' lang='lat' dir='ltr'>deinde</span> <span class='ocrx_word' id='word_1_18' title='bbox 536 543 633 602; x_wconf 87' lang='lat' dir='ltr'>multi</span> <span class='ocrx_word' id='word_1_19' title='bbox 656 543 834 617; x_wconf 84' lang='lat' dir='ltr'>optimique</span> <span class='ocrx_word' id='word_1_20' title='bbox 858 544 947 604; x_wconf 90' lang='lat' dir='ltr'>codd.</span> <span class='ocrx_word' id='word_1_21' title='bbox 971 560 998 606; x_wconf 89' lang='grc' dir='ltr'>ο.</span> <span class='ocrx_word' id='word_1_22' title='bbox 1021 544 1157 606; x_wconf 84' lang='lat' dir='ltr'>Stobaeo</span> <span class='ocrx_word' id='word_1_23' title='bbox 1176 548 1251 619; x_wconf 88' lang='lat' dir='ltr'>post</span> <span class='ocrx_word' id='word_1_24' title='bbox 1269 557 1365 609; x_wconf 81' lang='grc' dir='ltr'><em>κανοῦ</em></span> 
     </span>
     <span class='ocr_line' id='line_1_4' title="bbox 189 648 1363 738; baseline 0.003 -22"><span class='ocrx_word' id='word_1_25' title='bbox 189 657 307 716; x_wconf 82' lang='lat' dir='ltr'>addant</span> <span class='ocrx_word' id='word_1_26' title='bbox 337 657 434 731; x_wconf 88' lang='lat' dir='ltr'>(prob.</span> <span class='ocrx_word' id='word_1_27' title='bbox 466 656 549 716; x_wconf 88' lang='lat' dir='ltr'>Bait.</span> <span class='ocrx_word' id='word_1_28' title='bbox 582 657 615 716; x_wconf 89' lang='lat' dir='ltr'>et</span> <span class='ocrx_word' id='word_1_29' title='bbox 648 656 794 731; x_wconf 82' lang='lat' dir='ltr'>campb0)</span> <span class='ocrx_word' id='word_1_30' title='bbox 819 654 870 716; x_wconf 87' lang='grc' dir='ltr'><em>ιιαλ</em></span> <span class='ocrx_word' id='word_1_31' title='bbox 891 661 984 717; x_wconf 80' lang='grc' dir='ltr'><em>καλοῦ</em></span> <span class='ocrx_word' id='word_1_32' title='bbox 1009 648 1048 716; x_wconf 77' lang='grc' dir='ltr'>αὖ</span> <span class='ocrx_word' id='word_1_33' title='bbox 1073 660 1159 729; x_wconf 69' lang='lat' dir='ltr'>(ante</span> <span class='ocrx_word' id='word_1_34' title='bbox 1183 659 1363 738; x_wconf 74' lang='grc' dir='ltr'><em>σπουδάζει),</em></span> 
     </span>
     <span class='ocr_line' id='line_1_5' title="bbox 189 766 1364 851; baseline 0.006 -22"><span class='ocrx_word' id='word_1_35' title='bbox 189 770 323 843; x_wconf 89' lang='lat' dir='ltr'>denique</span> <span class='ocrx_word' id='word_1_36' title='bbox 354 771 452 830; x_wconf 88' lang='lat' dir='ltr'>verba</span> <span class='ocrx_word' id='word_1_37' title='bbox 480 766 519 840; x_wconf 82' lang='grc' dir='ltr'>ὡς</span> <span class='ocrx_word' id='word_1_38' title='bbox 542 769 658 848; x_wconf 75' lang='grc' dir='ltr'><strong><em>γελοίου</em></strong></span> <span class='ocrx_word' id='word_1_39' title='bbox 682 771 815 831; x_wconf 84' lang='lat' dir='ltr'>ridicule</span> <span class='ocrx_word' id='word_1_40' title='bbox 838 772 1044 833; x_wconf 78' lang='lat' dir='ltr'>adhaereant.</span> <span class='ocrx_word' id='word_1_41' title='bbox 1069 773 1288 851; x_wconf 74' lang='lat' dir='ltr'>HermannuS,</span> <span class='ocrx_word' id='word_1_42' title='bbox 1312 777 1364 838; x_wconf 90' lang='lat' dir='ltr'>oui</span> 
     </span>
     <span class='ocr_line' id='line_1_6' title="bbox 189 880 1361 964; baseline 0.005 -22"><span class='ocrx_word' id='word_1_43' title='bbox 189 884 290 957; x_wconf 86' lang='lat' dir='ltr'>primo</span> <span class='ocrx_word' id='word_1_44' title='bbox 332 883 423 944; x_wconf 81' lang='lat' dir='ltr'>fraus</span> <span class='ocrx_word' id='word_1_45' title='bbox 457 883 608 960; x_wconf 87' lang='lat' dir='ltr'>suboluit,</span> <span class='ocrx_word' id='word_1_46' title='bbox 643 883 722 957; x_wconf 88' lang='lat' dir='ltr'>legit</span> <span class='ocrx_word' id='word_1_47' title='bbox 759 880 786 955; x_wconf 88' lang='grc' dir='ltr'>[δ</span> <span class='ocrx_word' id='word_1_48' title='bbox 822 888 1027 964; x_wconf 75' lang='grc' dir='ltr'><em>γελωτοποιεῖν</em></span> <span class='ocrx_word' id='word_1_49' title='bbox 1040 931 1127 944; x_wconf 92' lang='grc'><strong>.....</strong></span> <span class='ocrx_word' id='word_1_50' title='bbox 1161 895 1268 964; x_wconf 79' lang='grc' dir='ltr'><em>ποιοῦ,</em></span> <span class='ocrx_word' id='word_1_51' title='bbox 1300 886 1361 961; x_wconf 83' lang='grc' dir='ltr'>παὶ]</span> 
     </span>
     <span class='ocr_line' id='line_1_7' title="bbox 190 987 1363 1075; baseline 0.007 -21"><span class='ocrx_word' id='word_1_52' title='bbox 190 1000 281 1056; x_wconf 82' lang='grc' dir='ltr'><em>πολοο</em></span> <span class='ocrx_word' id='word_1_53' title='bbox 304 987 343 1056; x_wconf 80' lang='grc' dir='ltr'>οδ</span> <span class='ocrx_word' id='word_1_54' title='bbox 369 995 528 1068; x_wconf 74' lang='grc' dir='ltr'><em>σπουδάζει</em></span> <span class='ocrx_word' id='word_1_55' title='bbox 551 994 625 1075; x_wconf 81' lang='grc' dir='ltr'><em>πρὸς</em></span> <span class='ocrx_word' id='word_1_56' title='bbox 648 1001 708 1073; x_wconf 83' lang='grc' dir='ltr'><em>κτλ,</em></span> <span class='ocrx_word' id='word_1_57' title='bbox 731 997 828 1074; x_wconf 87' lang='lat' dir='ltr'>male,</span> <span class='ocrx_word' id='word_1_58' title='bbox 849 1013 926 1058; x_wconf 91' lang='lat' dir='ltr'>nam</span> <span class='ocrx_word' id='word_1_59' title='bbox 950 1014 1014 1059; x_wconf 90' lang='lat' dir='ltr'>non</span> <span class='ocrx_word' id='word_1_60' title='bbox 1038 1001 1134 1060; x_wconf 92' lang='lat' dir='ltr'>modo</span> <span class='ocrx_word' id='word_1_61' title='bbox 1158 1001 1256 1061; x_wconf 88' lang='lat' dir='ltr'>verba</span> <span class='ocrx_word' id='word_1_62' title='bbox 1280 1017 1363 1074; x_wconf 87' lang='lat' dir='ltr'>quae</span> 
     </span>
     <span class='ocr_line' id='line_1_8' title="bbox 190 1110 1363 1187; baseline 0.003 -17"><span class='ocrx_word' id='word_1_63' title='bbox 190 1110 292 1186; x_wconf 89' lang='lat' dir='ltr'>eiecit,</span> <span class='ocrx_word' id='word_1_64' title='bbox 320 1110 455 1170; x_wconf 91' lang='lat' dir='ltr'>minime</span> <span class='ocrx_word' id='word_1_65' title='bbox 477 1110 760 1184; x_wconf 78' lang='lat' dir='ltr'>interpolationem</span> <span class='ocrx_word' id='word_1_66' title='bbox 782 1111 937 1187; x_wconf 88' lang='lat' dir='ltr'>redolent,</span> <span class='ocrx_word' id='word_1_67' title='bbox 961 1112 1018 1171; x_wconf 88' lang='lat' dir='ltr'>sed</span> <span class='ocrx_word' id='word_1_68' title='bbox 1041 1112 1143 1173; x_wconf 88' lang='lat' dir='ltr'>etiam</span> <span class='ocrx_word' id='word_1_69' title='bbox 1166 1114 1246 1174; x_wconf 90' lang='lat' dir='ltr'>illud</span> <span class='ocrx_word' id='word_1_70' title='bbox 1270 1117 1363 1173; x_wconf 82' lang='grc' dir='ltr'><em>νωλοο</em></span> 
     </span>
     <span class='ocr_line' id='line_1_9' title="bbox 190 1219 1364 1301; baseline 0.002 -17"><span class='ocrx_word' id='word_1_71' title='bbox 190 1240 319 1299; x_wconf 85' lang='lat' dir='ltr'>prorsus</span> <span class='ocrx_word' id='word_1_72' title='bbox 352 1225 525 1285; x_wconf 89' lang='lat' dir='ltr'>ridiculum</span> <span class='ocrx_word' id='word_1_73' title='bbox 540 1219 572 1301; x_wconf 87' lang='lat'>¹),</span> <span class='ocrx_word' id='word_1_74' title='bbox 607 1225 683 1299; x_wconf 90' lang='lat' dir='ltr'>quia</span> <span class='ocrx_word' id='word_1_75' title='bbox 715 1221 747 1284; x_wconf 90' lang='grc' dir='ltr'>τὸ</span> <span class='ocrx_word' id='word_1_76' title='bbox 779 1223 871 1284; x_wconf 84' lang='grc' dir='ltr'><em>τολδν</em></span> <span class='ocrx_word' id='word_1_77' title='bbox 901 1240 1034 1300; x_wconf 88' lang='lat' dir='ltr'>prorsus</span> <span class='ocrx_word' id='word_1_78' title='bbox 1062 1226 1149 1287; x_wconf 92' lang='lat' dir='ltr'>idem</span> <span class='ocrx_word' id='word_1_79' title='bbox 1181 1229 1234 1288; x_wconf 88' lang='lat' dir='ltr'>est</span> <span class='ocrx_word' id='word_1_80' title='bbox 1263 1243 1301 1288; x_wconf 85' lang='lat' dir='ltr'>ac</span> <span class='ocrx_word' id='word_1_81' title='bbox 1331 1225 1364 1286; x_wconf 88' lang='grc' dir='ltr'>τὸ</span> 
     </span>
     <span class='ocr_line' id='line_1_10' title="bbox 190 1335 1364 1420; baseline 0.003 -24"><span class='ocrx_word' id='word_1_82' title='bbox 190 1335 307 1418; x_wconf 79' lang='grc' dir='ltr'><em>ἀγαθόν</em></span> <span class='ocrx_word' id='word_1_83' title='bbox 337 1353 396 1399; x_wconf 89' lang='lat' dir='ltr'>neo</span> <span class='ocrx_word' id='word_1_84' title='bbox 419 1338 511 1399; x_wconf 88' lang='lat' dir='ltr'>Plato</span> <span class='ocrx_word' id='word_1_85' title='bbox 534 1353 678 1411; x_wconf 87' lang='lat' dir='ltr'>unquam</span> <span class='ocrx_word' id='word_1_86' title='bbox 702 1339 841 1399; x_wconf 85' lang='lat' dir='ltr'>scribere</span> <span class='ocrx_word' id='word_1_87' title='bbox 865 1339 970 1414; x_wconf 86' lang='lat' dir='ltr'>potuit</span> <span class='ocrx_word' id='word_1_88' title='bbox 994 1337 1154 1411; x_wconf 88' lang='grc' dir='ltr'><em>σπουδάζει</em></span> <span class='ocrx_word' id='word_1_89' title='bbox 1177 1339 1251 1420; x_wconf 79' lang='grc' dir='ltr'><em>πρὸς</em></span> <span class='ocrx_word' id='word_1_90' title='bbox 1275 1337 1364 1401; x_wconf 88' lang='grc' dir='ltr'><em>άλλον</em></span> 
     </span>
     <span class='ocr_line' id='line_1_11' title="bbox 186 1449 1364 1534; baseline 0.003 -22"><span class='ocrx_word' id='word_1_91' title='bbox 186 1449 252 1512; x_wconf 84' lang='grc' dir='ltr'><em>τινὰ</em></span> <span class='ocrx_word' id='word_1_92' title='bbox 275 1451 387 1512; x_wconf 81' lang='grc' dir='ltr'><em>σκοπὸν</em></span> <span class='ocrx_word' id='word_1_93' title='bbox 411 1457 483 1526; x_wconf 83' lang='grc' dir='ltr'><em>(τοῦ)</em></span> <span class='ocrx_word' id='word_1_94' title='bbox 503 1457 597 1513; x_wconf 83' lang='grc' dir='ltr'><em>καλοῦ</em></span> <span class='ocrx_word' id='word_1_95' title='bbox 616 1449 635 1532; x_wconf 75' lang='grc'>1)</span> <span class='ocrx_word' id='word_1_96' title='bbox 656 1451 708 1514; x_wconf 82' lang='grc' dir='ltr'><em>τὸν</em></span> <span class='ocrx_word' id='word_1_97' title='bbox 727 1461 781 1513; x_wconf 83' lang='grc' dir='ltr'>τοῦ</span> <span class='ocrx_word' id='word_1_98' title='bbox 802 1451 922 1534; x_wconf 79' lang='grc' dir='ltr'><em>ἀγαθοῦ</em></span> <span class='ocrx_word' id='word_1_99' title='bbox 943 1453 1064 1513; x_wconf 81' lang='grc' dir='ltr'><em>σκοπόν.</em></span> <span class='ocrx_word' id='word_1_100' title='bbox 1077 1455 1183 1515; x_wconf 86' lang='lat' dir='ltr'>Verba</span> <span class='ocrx_word' id='word_1_101' title='bbox 1201 1452 1252 1515; x_wconf 78' lang='grc' dir='ltr'>καὶ</span> <span class='ocrx_word' id='word_1_102' title='bbox 1270 1459 1364 1515; x_wconf 81' lang='grc' dir='ltr'><em>καλοῦ</em></span> 
     </span>
     <span class='ocr_line' id='line_1_12' title="bbox 187 1558 1363 1643; baseline 0 -17"><span class='ocrx_word' id='word_1_103' title='bbox 187 1582 204 1626; x_wconf 92' lang='lat' dir='ltr'>e</span> <span class='ocrx_word' id='word_1_104' title='bbox 238 1582 425 1641; x_wconf 84' lang='lat' dir='ltr'>praegresso</span> <span class='ocrx_word' id='word_1_105' title='bbox 455 1563 506 1626; x_wconf 81' lang='grc' dir='ltr'><em>τισὶ</em></span> <span class='ocrx_word' id='word_1_106' title='bbox 533 1574 629 1626; x_wconf 79' lang='grc' dir='ltr'><em>πανοῦ</em></span> <span class='ocrx_word' id='word_1_107' title='bbox 660 1567 878 1643; x_wconf 83' lang='lat' dir='ltr'>dittographia</span> <span class='ocrx_word' id='word_1_108' title='bbox 909 1567 986 1628; x_wconf 84' lang='lat' dir='ltr'>nata</span> <span class='ocrx_word' id='word_1_109' title='bbox 1019 1582 1092 1628; x_wconf 91' lang='lat' dir='ltr'>esse</span> <span class='ocrx_word' id='word_1_110' title='bbox 1123 1569 1157 1627; x_wconf 91' lang='lat' dir='ltr'>et</span> <span class='ocrx_word' id='word_1_111' title='bbox 1187 1568 1301 1629; x_wconf 92' lang='lat' dir='ltr'>deinde</span> <span class='ocrx_word' id='word_1_112' title='bbox 1324 1558 1363 1627; x_wconf 80' lang='grc' dir='ltr'>αὖ</span> 
     </span>
     <span class='ocr_line' id='line_1_13' title="bbox 188 1681 1362 1755; baseline 0.002 -14"><span class='ocrx_word' id='word_1_113' title='bbox 188 1681 493 1743; x_wconf 79' lang='lat' dir='ltr'>accommodationis</span> <span class='ocrx_word' id='word_1_114' title='bbox 519 1683 625 1755; x_wconf 88' lang='lat' dir='ltr'>gratia</span> <span class='ocrx_word' id='word_1_115' title='bbox 646 1682 810 1744; x_wconf 88' lang='lat' dir='ltr'>intrusum</span> <span class='ocrx_word' id='word_1_116' title='bbox 833 1696 853 1742; x_wconf 92' lang='lat' dir='ltr'>a</span> <span class='ocrx_word' id='word_1_117' title='bbox 876 1681 1111 1742; x_wconf 81' lang='lat' dir='ltr'>correctoribus</span> <span class='ocrx_word' id='word_1_118' title='bbox 1136 1684 1224 1741; x_wconf 88' lang='lat' dir='ltr'>recte</span> <span class='ocrx_word' id='word_1_119' title='bbox 1249 1682 1362 1743; x_wconf 81' lang='lat' dir='ltr'>Stallb.</span> 
     </span>
     <span class='ocr_line' id='line_1_14' title="bbox 191 1793 1362 1870; baseline 0 -14"><span class='ocrx_word' id='word_1_120' title='bbox 191 1797 298 1866; x_wconf 83' lang='grc'>(1829)</span> <span class='ocrx_word' id='word_1_121' title='bbox 329 1796 513 1870; x_wconf 86' lang='lat' dir='ltr'>suspicatus</span> <span class='ocrx_word' id='word_1_122' title='bbox 543 1797 603 1857; x_wconf 87' lang='lat' dir='ltr'>est.</span> <span class='ocrx_word' id='word_1_123' title='bbox 635 1797 753 1856; x_wconf 79' lang='lat' dir='ltr'>Totum</span> <span class='ocrx_word' id='word_1_124' title='bbox 783 1795 892 1856; x_wconf 84' lang='lat' dir='ltr'>locum</span> <span class='ocrx_word' id='word_1_125' title='bbox 919 1797 996 1854; x_wconf 83' lang='lat' dir='ltr'>recte</span> <span class='ocrx_word' id='word_1_126' title='bbox 1018 1794 1108 1854; x_wconf 86' lang='lat' dir='ltr'>solus</span> <span class='ocrx_word' id='word_1_127' title='bbox 1132 1793 1270 1856; x_wconf 81' lang='lat' dir='ltr'>Cobetus</span> <span class='ocrx_word' id='word_1_128' title='bbox 1293 1811 1362 1856; x_wconf 92' lang='lat' dir='ltr'>oon·</span> 
     </span>
     <span class='ocr_line' id='line_1_15' title="bbox 190 1903 1316 1988; baseline -0.001 -19"><span class='ocrx_word' id='word_1_129' title='bbox 190 1909 296 1969; x_wconf 82' lang='lat' dir='ltr'>stituit</span> <span class='ocrx_word' id='word_1_130' title='bbox 320 1908 383 1970; x_wconf 84' lang='lat' dir='ltr'>sic:</span> <span class='ocrx_word' id='word_1_131' title='bbox 410 1903 454 1980; x_wconf 76' lang='grc' dir='ltr'>[ὃς</span> <span class='ocrx_word' id='word_1_132' title='bbox 473 1913 607 1988; x_wconf 85' lang='grc' dir='ltr'><em>γελοῖον.</em></span> <span class='ocrx_word' id='word_1_133' title='bbox 620 1953 627 1967; x_wconf 92' lang='grc'><strong>.</strong></span> <span class='ocrx_word' id='word_1_134' title='bbox 641 1955 647 1968; x_wconf 91' lang='grc'>.</span> <span class='ocrx_word' id='word_1_135' title='bbox 660 1955 667 1968; x_wconf 94' lang='grc'><strong>.</strong></span> <span class='ocrx_word' id='word_1_136' title='bbox 679 1906 740 1982; x_wconf 76' lang='lat' dir='ltr'>aot]</span> <span class='ocrx_word' id='word_1_137' title='bbox 762 1905 778 1968; x_wconf 85' lang='grc' dir='ltr'>ὁ</span> <span class='ocrx_word' id='word_1_138' title='bbox 797 1912 1002 1988; x_wconf 72' lang='grc' dir='ltr'><em>γελωτοποιεῖν</em></span> <span class='ocrx_word' id='word_1_139' title='bbox 1064 1953 1086 1967; x_wconf 91' lang='grc'>..</span> <span class='ocrx_word' id='word_1_140' title='bbox 1109 1905 1159 1980; x_wconf 80' lang='grc' dir='ltr'>[ὡς</span> <span class='ocrx_word' id='word_1_141' title='bbox 1171 1907 1299 1988; x_wconf 84' lang='grc' dir='ltr'><em>γελοίου]</em></span> <span class='ocrx_word' id='word_1_142' title='bbox 1310 1953 1316 1968; x_wconf 95' lang='grc'><strong>.</strong></span> 
     </span>
     <span class='ocr_line' id='line_1_16' title="bbox 113 2015 1364 2114; baseline 0.002 -35"><span class='ocrx_word' id='word_1_143' title='bbox 113 2105 117 2114; x_wconf 32' lang='grc'><em>“</em></span> <span class='ocrx_word' id='word_1_144' title='bbox 190 2016 244 2100; x_wconf 69' lang='grc' dir='ltr'>ἢ)</span> <span class='ocrx_word' id='word_1_145' title='bbox 279 2020 456 2093; x_wconf 83' lang='grc' dir='ltr'><em>σπουδάζειν</em></span> <span class='ocrx_word' id='word_1_146' title='bbox 490 2022 538 2093; x_wconf 80' lang='lat' dir='ltr'>(V.</span> <span class='ocrx_word' id='word_1_147' title='bbox 570 2023 616 2098; x_wconf 74' lang='grc' dir='ltr'>Ιπ,</span> <span class='ocrx_word' id='word_1_148' title='bbox 649 2023 769 2097; x_wconf 69' lang='lat' dir='ltr'>steph.)</span> <span class='ocrx_word' id='word_1_149' title='bbox 802 2020 886 2101; x_wconf 80' lang='grc' dir='ltr'><em>[πρὸς</em></span> <span class='ocrx_word' id='word_1_150' title='bbox 901 2015 934 2093; x_wconf 62' lang='grc'>3)]</span> <span class='ocrx_word' id='word_1_151' title='bbox 946 2067 1018 2080; x_wconf 88' lang='grc'><strong>.....</strong></span> <span class='ocrx_word' id='word_1_152' title='bbox 1039 2021 1364 2101; x_wconf 79' lang='grc' dir='ltr'><em>&lt;τερο&gt;στογσάμενος</em></span> 
     </span>
     <span class='ocr_line' id='line_1_17' title="bbox 190 2135 1363 2210; baseline 0.001 -16"><span class='ocrx_word' id='word_1_153' title='bbox 190 2139 247 2194; x_wconf 82' lang='grc' dir='ltr'><em>κτλ.</em></span> <span class='ocrx_word' id='word_1_154' title='bbox 281 2136 504 2196; x_wconf 87' lang='lat' dir='ltr'>Annotaverat</span> <span class='ocrx_word' id='word_1_155' title='bbox 538 2136 655 2209; x_wconf 86' lang='lat' dir='ltr'>aliquis</span> <span class='ocrx_word' id='word_1_156' title='bbox 685 2137 718 2196; x_wconf 92' lang='lat' dir='ltr'>in</span> <span class='ocrx_word' id='word_1_157' title='bbox 749 2150 814 2209; x_wconf 88' lang='lat' dir='ltr'>mg.</span> <span class='ocrx_word' id='word_1_158' title='bbox 845 2135 958 2210; x_wconf 88' lang='lat' dir='ltr'>paucis</span> <span class='ocrx_word' id='word_1_159' title='bbox 989 2135 1134 2197; x_wconf 83' lang='lat' dir='ltr'>Platonis</span> <span class='ocrx_word' id='word_1_160' title='bbox 1166 2136 1363 2197; x_wconf 83' lang='lat' dir='ltr'>sententiam</span> 
     </span>
     <span class='ocr_line' id='line_1_18' title="bbox 189 2243 1365 2329; baseline -0.003 -19"><span class='ocrx_word' id='word_1_161' title='bbox 189 2250 462 2323; x_wconf 73' lang='lat' dir='ltr'>comprehendens</span> <span class='ocrx_word' id='word_1_162' title='bbox 496 2247 619 2326; x_wconf 83' lang='grc' dir='ltr'><em>μάταιος</em></span> <span class='ocrx_word' id='word_1_163' title='bbox 652 2243 686 2320; x_wconf 73' lang='grc' dir='ltr'>ὃς</span> <span class='ocrx_word' id='word_1_164' title='bbox 715 2252 830 2328; x_wconf 84' lang='grc' dir='ltr'><em>γελοῖον</em></span> <span class='ocrx_word' id='word_1_165' title='bbox 862 2245 932 2308; x_wconf 76' lang='lat' dir='ltr'>atto</span> <span class='ocrx_word' id='word_1_166' title='bbox 962 2271 990 2309; x_wconf 87' lang='grc' dir='ltr'>τι</span> <span class='ocrx_word' id='word_1_167' title='bbox 1020 2244 1132 2329; x_wconf 78' lang='grc' dir='ltr'><em>ἡγεῖται</em></span> <span class='ocrx_word' id='word_1_168' title='bbox 1162 2244 1181 2327; x_wconf 75' lang='grc'>1)</span> <span class='ocrx_word' id='word_1_169' title='bbox 1206 2247 1238 2308; x_wconf 82' lang='grc' dir='ltr'>τὸ</span> <span class='ocrx_word' id='word_1_170' title='bbox 1262 2248 1365 2325; x_wconf 81' lang='grc' dir='ltr'><em>κακόν,</em></span> 
     </span>
     <span class='ocr_line' id='line_1_19' title="bbox 188 2361 1362 2436; baseline -0.001 -13"><span class='ocrx_word' id='word_1_171' title='bbox 188 2378 270 2436; x_wconf 87' lang='lat' dir='ltr'>quae</span> <span class='ocrx_word' id='word_1_172' title='bbox 304 2363 542 2424; x_wconf 84' lang='lat' dir='ltr'>animadversio</span> <span class='ocrx_word' id='word_1_173' title='bbox 572 2378 591 2423; x_wconf 88' lang='lat' dir='ltr'>a</span> <span class='ocrx_word' id='word_1_174' title='bbox 621 2362 751 2423; x_wconf 85' lang='lat' dir='ltr'>librario</span> <span class='ocrx_word' id='word_1_175' title='bbox 781 2361 896 2422; x_wconf 90' lang='lat' dir='ltr'>stolide</span> <span class='ocrx_word' id='word_1_176' title='bbox 928 2363 961 2422; x_wconf 91' lang='lat' dir='ltr'>in</span> <span class='ocrx_word' id='word_1_177' title='bbox 997 2363 1127 2422; x_wconf 83' lang='lat' dir='ltr'>textum</span> <span class='ocrx_word' id='word_1_178' title='bbox 1150 2362 1280 2421; x_wconf 88' lang='lat' dir='ltr'>invecta</span> <span class='ocrx_word' id='word_1_179' title='bbox 1302 2362 1362 2422; x_wconf 88' lang='lat' dir='ltr'>est.</span> 
     </span>
     <span class='ocr_line' id='line_1_20' title="bbox 189 2473 1365 2555; baseline -0.001 -20"><span class='ocrx_word' id='word_1_180' title='bbox 189 2476 293 2538; x_wconf 86' lang='lat' dir='ltr'>Verba</span> <span class='ocrx_word' id='word_1_181' title='bbox 315 2473 354 2548; x_wconf 79' lang='grc' dir='ltr'>ὡς</span> <span class='ocrx_word' id='word_1_182' title='bbox 376 2475 493 2555; x_wconf 85' lang='grc' dir='ltr'><em>γελοίου</em></span> <span class='ocrx_word' id='word_1_183' title='bbox 515 2491 580 2538; x_wconf 91' lang='lat' dir='ltr'>non</span> <span class='ocrx_word' id='word_1_184' title='bbox 604 2477 698 2536; x_wconf 92' lang='lat' dir='ltr'>modo</span> <span class='ocrx_word' id='word_1_185' title='bbox 717 2476 845 2551; x_wconf 87' lang='lat' dir='ltr'>frigent,</span> <span class='ocrx_word' id='word_1_186' title='bbox 867 2476 923 2536; x_wconf 89' lang='lat' dir='ltr'>sed</span> <span class='ocrx_word' id='word_1_187' title='bbox 945 2475 1071 2536; x_wconf 91' lang='lat' dir='ltr'>nullam</span> <span class='ocrx_word' id='word_1_188' title='bbox 1091 2473 1365 2536; x_wconf 87' lang='lat' dir='ltr'>constructionem</span> 
     </span>
     <span class='ocr_line' id='line_1_21' title="bbox 189 2586 1366 2668; baseline -0.001 -19"><span class='ocrx_word' id='word_1_189' title='bbox 189 2590 319 2651; x_wconf 86' lang='lat' dir='ltr'>habent.</span> <span class='ocrx_word' id='word_1_190' title='bbox 350 2591 429 2651; x_wconf 89' lang='lat' dir='ltr'>Post</span> <span class='ocrx_word' id='word_1_191' title='bbox 459 2587 571 2650; x_wconf 81' lang='grc' dir='ltr'><em>σκοπὸν</em></span> <span class='ocrx_word' id='word_1_192' title='bbox 602 2589 695 2650; x_wconf 84' lang='lat' dir='ltr'>facile</span> <span class='ocrx_word' id='word_1_193' title='bbox 726 2608 798 2668; x_wconf 83' lang='grc' dir='ltr'><em>πμο-</em></span> <span class='ocrx_word' id='word_1_194' title='bbox 829 2589 918 2649; x_wconf 86' lang='lat' dir='ltr'>vocis</span> <span class='ocrx_word' id='word_1_195' title='bbox 949 2586 1188 2666; x_wconf 79' lang='grc' dir='ltr'><em>προστησάμενος</em></span> <span class='ocrx_word' id='word_1_196' title='bbox 1218 2586 1366 2648; x_wconf 86' lang='lat' dir='ltr'>excidere</span> 
     </span>
     <span class='ocr_line' id='line_1_22' title="bbox 190 2701 1367 2780; baseline -0.005 -14"><span class='ocrx_word' id='word_1_197' title='bbox 190 2704 334 2780; x_wconf 88' lang='lat' dir='ltr'>potuisse</span> <span class='ocrx_word' id='word_1_198' title='bbox 368 2705 534 2765; x_wconf 90' lang='lat' dir='ltr'>neminem</span> <span class='ocrx_word' id='word_1_199' title='bbox 568 2703 679 2776; x_wconf 78' lang='lat' dir='ltr'>fugiet.</span> <span class='ocrx_word' id='word_1_200' title='bbox 712 2703 928 2764; x_wconf 86' lang='lat' dir='ltr'>Herwerdeuo</span> <span class='ocrx_word' id='word_1_201' title='bbox 960 2701 1034 2772; x_wconf 85' lang='lat' dir='ltr'>(Mn.</span> <span class='ocrx_word' id='word_1_202' title='bbox 1070 2701 1165 2772; x_wconf 85' lang='grc'>1888)</span> <span class='ocrx_word' id='word_1_203' title='bbox 1196 2701 1367 2760; x_wconf 86' lang='lat' dir='ltr'>conicienti</span> 
     </span>
     <span class='ocr_line' id='line_1_23' title="bbox 193 2807 1366 2897; baseline -0.006 -19"><span class='ocrx_word' id='word_1_204' title='bbox 193 2814 220 2889; x_wconf 89' lang='grc' dir='ltr'>[δ</span> <span class='ocrx_word' id='word_1_205' title='bbox 251 2834 278 2880; x_wconf 89' lang='grc' dir='ltr'>ο.</span> <span class='ocrx_word' id='word_1_206' title='bbox 309 2818 414 2890; x_wconf 82' lang='lat' dir='ltr'>Aetio]</span> <span class='ocrx_word' id='word_1_207' title='bbox 445 2821 502 2897; x_wconf 90' lang='grc' dir='ltr'><em>γελ.</em></span> <span class='ocrx_word' id='word_1_208' title='bbox 534 2819 567 2878; x_wconf 89' lang='lat' dir='ltr'>et</span> <span class='ocrx_word' id='word_1_209' title='bbox 593 2813 754 2895; x_wconf 82' lang='grc' dir='ltr'><em>ἀποβλέπει</em></span> <span class='ocrx_word' id='word_1_210' title='bbox 778 2815 931 2877; x_wconf 88' lang='lat' dir='ltr'>assentiri</span> <span class='ocrx_word' id='word_1_211' title='bbox 955 2829 1089 2889; x_wconf 89' lang='lat' dir='ltr'>nequeo,</span> <span class='ocrx_word' id='word_1_212' title='bbox 1114 2813 1190 2887; x_wconf 88' lang='lat' dir='ltr'>quia</span> <span class='ocrx_word' id='word_1_213' title='bbox 1213 2814 1312 2874; x_wconf 89' lang='lat' dir='ltr'>verba</span> <span class='ocrx_word' id='word_1_214' title='bbox 1334 2807 1366 2884; x_wconf 79' lang='grc' dir='ltr'>ὃς</span> 
     </span>
     <span class='ocr_line' id='line_1_24' title="bbox 143 2921 1367 3013; baseline -0.005 -21"><span class='ocrx_word' id='word_1_215' title='bbox 143 2927 169 2992; x_wconf 80' lang='lat' dir='ltr'>b</span> <span class='ocrx_word' id='word_1_216' title='bbox 190 2936 305 3012; x_wconf 84' lang='grc' dir='ltr'><em>γελοῖον</em></span> <span class='ocrx_word' id='word_1_217' title='bbox 328 2936 378 2991; x_wconf 85' lang='grc' dir='ltr'>κτλ</span> <span class='ocrx_word' id='word_1_218' title='bbox 401 2931 532 2994; x_wconf 89' lang='lat' dir='ltr'>omnino</span> <span class='ocrx_word' id='word_1_219' title='bbox 556 2931 722 2992; x_wconf 88' lang='lat' dir='ltr'>abicienda</span> <span class='ocrx_word' id='word_1_220' title='bbox 744 2931 832 3005; x_wconf 89' lang='lat' dir='ltr'>puto.</span> <span class='ocrx_word' id='word_1_221' title='bbox 858 2921 878 3013; x_wconf 83' lang='grc' dir='ltr'>ΙΙ</span> <span class='ocrx_word' id='word_1_222' title='bbox 898 2928 1007 2989; x_wconf 81' lang='lat' dir='ltr'>Etiam</span> <span class='ocrx_word' id='word_1_223' title='bbox 1029 2927 1166 2988; x_wconf 77' lang='lat' dir='ltr'>Cobetus</span> <span class='ocrx_word' id='word_1_224' title='bbox 1186 2927 1259 2998; x_wconf 86' lang='lat' dir='ltr'>(Mn.</span> <span class='ocrx_word' id='word_1_225' title='bbox 1283 2926 1367 2987; x_wconf 82' lang='grc'>1875</span> 
     </span>
     <span class='ocr_line' id='line_1_25' title="bbox 191 3039 1369 3124; baseline -0.01 -13"><span class='ocrx_word' id='word_1_226' title='bbox 191 3065 221 3124; x_wconf 84' lang='lat' dir='ltr'>p.</span> <span class='ocrx_word' id='word_1_227' title='bbox 246 3050 321 3118; x_wconf 87' lang='grc'>361)</span> <span class='ocrx_word' id='word_1_228' title='bbox 346 3048 539 3122; x_wconf 89' lang='lat' dir='ltr'>scripturam</span> <span class='ocrx_word' id='word_1_229' title='bbox 560 3045 769 3123; x_wconf 83' lang='grc' dir='ltr'><em>φιλοπαίσμων</em></span> <span class='ocrx_word' id='word_1_230' title='bbox 789 3045 946 3121; x_wconf 86' lang='lat' dir='ltr'>probavit.</span> <span class='ocrx_word' id='word_1_231' title='bbox 968 3045 1120 3106; x_wconf 85' lang='lat' dir='ltr'>Praestat</span> <span class='ocrx_word' id='word_1_232' title='bbox 1139 3044 1296 3116; x_wconf 86' lang='lat' dir='ltr'>corrigere</span> <span class='ocrx_word' id='word_1_233' title='bbox 1315 3039 1369 3100; x_wconf 82' lang='grc' dir='ltr'><em>εἴτε</em></span> 
     </span>
     <span class='ocr_line' id='line_1_26' title="bbox 194 3155 1370 3237; baseline -0.007 -16"><span class='ocrx_word' id='word_1_234' title='bbox 194 3162 320 3237; x_wconf 80' lang='grc' dir='ltr'><em>&lt;τις&gt;</em></span> <span class='ocrx_word' id='word_1_235' title='bbox 344 3159 570 3237; x_wconf 81' lang='grc' dir='ltr'><em>σπουδοστιπός,</em></span> <span class='ocrx_word' id='word_1_236' title='bbox 588 3161 665 3234; x_wconf 86' lang='lat' dir='ltr'>quia</span> <span class='ocrx_word' id='word_1_237' title='bbox 684 3160 770 3221; x_wconf 91' lang='lat' dir='ltr'>inter</span> <span class='ocrx_word' id='word_1_238' title='bbox 789 3175 825 3220; x_wconf 85' lang='lat' dir='ltr'>ee</span> <span class='ocrx_word' id='word_1_239' title='bbox 843 3159 1004 3220; x_wconf 87' lang='lat' dir='ltr'>contraria</span> <span class='ocrx_word' id='word_1_240' title='bbox 1016 3159 1227 3232; x_wconf 88' lang='lat' dir='ltr'>opponuntur.</span> <span class='ocrx_word' id='word_1_241' title='bbox 1242 3155 1370 3230; x_wconf 87' lang='lat' dir='ltr'>Optime</span> 
     </span>
     <span class='ocr_line' id='line_1_27' title="bbox 193 3250 1369 3351; baseline -0.01 -13"><span class='ocrx_word' id='word_1_242' title='bbox 193 3277 332 3338; x_wconf 76' lang='lat' dir='ltr'>Cobeius</span> <span class='ocrx_word' id='word_1_243' title='bbox 359 3250 438 3337; x_wconf 73' lang='lat' dir='ltr'>dorr.</span> <span class='ocrx_word' id='word_1_244' title='bbox 464 3261 577 3351; x_wconf 79' lang='grc' dir='ltr'><em>δυνατε)</em></span> <span class='ocrx_word' id='word_1_245' title='bbox 604 3269 707 3351; x_wconf 78' lang='grc' dir='ltr'>&lt;ἡ&gt;</span> <span class='ocrx_word' id='word_1_246' title='bbox 734 3272 826 3348; x_wconf 83' lang='grc' dir='ltr'><em>φύσις</em></span> <span class='ocrx_word' id='word_1_247' title='bbox 852 3267 881 3349; x_wconf 72' lang='grc'>[1)</span> <span class='ocrx_word' id='word_1_248' title='bbox 907 3269 1097 3350; x_wconf 78' lang='grc' dir='ltr'><em>ἀνθρωπίνη]</em></span> <span class='ocrx_word' id='word_1_249' title='bbox 1121 3265 1141 3347; x_wconf 85' lang='grc' dir='ltr'>ν)</span> <span class='ocrx_word' id='word_1_250' title='bbox 1165 3268 1284 3346; x_wconf 80' lang='grc' dir='ltr'><em>θήλεια,</em></span> <span class='ocrx_word' id='word_1_251' title='bbox 1306 3282 1369 3327; x_wconf 88' lang='lat' dir='ltr'>non</span> 
     </span>
     <span class='ocr_line' id='line_1_28' title="bbox 192 3379 1370 3464; baseline -0.011 -12"><span class='ocrx_word' id='word_1_252' title='bbox 192 3393 288 3452; x_wconf 90' lang='lat' dir='ltr'>modo</span> <span class='ocrx_word' id='word_1_253' title='bbox 318 3392 358 3452; x_wconf 95' lang='lat' dir='ltr'>ob</span> <span class='ocrx_word' id='word_1_254' title='bbox 387 3391 638 3464; x_wconf 87' lang='lat' dir='ltr'>grammaticam</span> <span class='ocrx_word' id='word_1_255' title='bbox 663 3393 755 3463; x_wconf 83' lang='lat' dir='ltr'>(opus</span> <span class='ocrx_word' id='word_1_256' title='bbox 779 3388 867 3448; x_wconf 91' lang='lat' dir='ltr'>enim</span> <span class='ocrx_word' id='word_1_257' title='bbox 891 3387 962 3447; x_wconf 86' lang='lat' dir='ltr'>erat</span> <span class='ocrx_word' id='word_1_258' title='bbox 984 3381 1003 3463; x_wconf 78' lang='grc' dir='ltr'><em>ἡ</em></span> <span class='ocrx_word' id='word_1_259' title='bbox 1028 3382 1098 3444; x_wconf 77' lang='grc' dir='ltr'><em>ἀνθ.</em></span> <span class='ocrx_word' id='word_1_260' title='bbox 1123 3383 1213 3458; x_wconf 81' lang='grc' dir='ltr'><em>φάσις</em></span> <span class='ocrx_word' id='word_1_261' title='bbox 1236 3379 1255 3458; x_wconf 85' lang='grc' dir='ltr'>ν)</span> <span class='ocrx_word' id='word_1_262' title='bbox 1278 3379 1370 3457; x_wconf 63' lang='lat' dir='ltr'>biiii,</span> 
     </span>
     <span class='ocr_line' id='line_1_29' title="bbox 193 3492 1371 3580; baseline -0.014 -13"><span class='ocrx_word' id='word_1_263' title='bbox 193 3507 250 3566; x_wconf 79' lang='lat' dir='ltr'>sed</span> <span class='ocrx_word' id='word_1_264' title='bbox 283 3505 477 3580; x_wconf 79' lang='lat' dir='ltr'>praesertim</span> <span class='ocrx_word' id='word_1_265' title='bbox 509 3503 586 3577; x_wconf 83' lang='lat' dir='ltr'>quia</span> <span class='ocrx_word' id='word_1_266' title='bbox 615 3502 714 3562; x_wconf 85' lang='lat' dir='ltr'>verba</span> <span class='ocrx_word' id='word_1_267' title='bbox 745 3497 812 3578; x_wconf 78' lang='grc' dir='ltr'><em>περὶ</em></span> <span class='ocrx_word' id='word_1_268' title='bbox 843 3498 943 3559; x_wconf 81' lang='grc' dir='ltr'><em>αὐτῶν</em></span> <span class='ocrx_word' id='word_1_269' title='bbox 963 3499 994 3569; x_wconf 86' lang='lat' dir='ltr'>(i.</span> <span class='ocrx_word' id='word_1_270' title='bbox 1019 3513 1046 3558; x_wconf 87' lang='lat' dir='ltr'>e.</span> <span class='ocrx_word' id='word_1_271' title='bbox 1071 3492 1138 3574; x_wconf 80' lang='grc' dir='ltr'><em>περὶ</em></span> <span class='ocrx_word' id='word_1_272' title='bbox 1160 3502 1211 3571; x_wconf 79' lang='grc' dir='ltr'>τῆς</span> <span class='ocrx_word' id='word_1_273' title='bbox 1233 3493 1371 3570; x_wconf 82' lang='grc' dir='ltr'><em>τοιαύτης</em></span> 
     </span>
     <span class='ocr_line' id='line_1_30' title="bbox 192 3607 1372 3698; baseline -0.012 -20"><span class='ocrx_word' id='word_1_274' title='bbox 192 3620 355 3698; x_wconf 78' lang='grc' dir='ltr'><em>μεταβολῆς</em></span> <span class='ocrx_word' id='word_1_275' title='bbox 378 3619 412 3679; x_wconf 91' lang='lat' dir='ltr'>in</span> <span class='ocrx_word' id='word_1_276' title='bbox 432 3618 458 3677; x_wconf 92' lang='lat' dir='ltr'>B</span> <span class='ocrx_word' id='word_1_277' title='bbox 478 3617 548 3688; x_wconf 88' lang='lat' dir='ltr'>ult.)</span> <span class='ocrx_word' id='word_1_278' title='bbox 569 3615 695 3676; x_wconf 90' lang='lat' dir='ltr'>nullam</span> <span class='ocrx_word' id='word_1_279' title='bbox 716 3614 951 3675; x_wconf 89' lang='lat' dir='ltr'>dubitationem</span> <span class='ocrx_word' id='word_1_280' title='bbox 972 3610 1172 3672; x_wconf 87' lang='lat' dir='ltr'>auditoribus</span> <span class='ocrx_word' id='word_1_281' title='bbox 1191 3607 1372 3679; x_wconf 90' lang='lat' dir='ltr'>relinquere</span> 
     </span>
     <span class='ocr_line' id='line_1_31' title="bbox 192 3718 1372 3807; baseline -0.013 -14"><span class='ocrx_word' id='word_1_282' title='bbox 192 3733 344 3807; x_wconf 89' lang='lat' dir='ltr'>poterant</span> <span class='ocrx_word' id='word_1_283' title='bbox 376 3732 454 3805; x_wconf 90' lang='lat' dir='ltr'>quin</span> <span class='ocrx_word' id='word_1_284' title='bbox 483 3731 523 3791; x_wconf 88' lang='lat' dir='ltr'>de</span> <span class='ocrx_word' id='word_1_285' title='bbox 555 3728 756 3804; x_wconf 85' lang='lat' dir='ltr'>mulieribus,</span> <span class='ocrx_word' id='word_1_286' title='bbox 787 3742 852 3787; x_wconf 91' lang='lat' dir='ltr'>non</span> <span class='ocrx_word' id='word_1_287' title='bbox 884 3742 935 3786; x_wconf 82' lang='lat' dir='ltr'>err.</span> <span class='ocrx_word' id='word_1_288' title='bbox 968 3741 1014 3799; x_wconf 91' lang='lat' dir='ltr'>gr.</span> <span class='ocrx_word' id='word_1_289' title='bbox 1051 3726 1089 3785; x_wconf 91' lang='lat' dir='ltr'>de</span> <span class='ocrx_word' id='word_1_290' title='bbox 1117 3724 1218 3783; x_wconf 90' lang='lat' dir='ltr'>subus</span> <span class='ocrx_word' id='word_1_291' title='bbox 1241 3718 1372 3781; x_wconf 85' lang='lat' dir='ltr'>feminis</span> 
     </span>
    </p>
   </div>
   <div class='ocr_carea' id='block_1_3' title="bbox 194 3846 424 3908">
    <p class='ocr_par' dir='ltr' id='par_1_3' title="bbox 194 3846 424 3908">
     <span class='ocr_line' id='line_1_32' title="bbox 194 3846 424 3908; baseline 0.004 -2"><span class='ocrx_word' id='word_1_292' title='bbox 194 3861 302 3906; x_wconf 88' lang='lat' dir='ltr'>sermo</span> <span class='ocrx_word' id='word_1_293' title='bbox 326 3846 424 3908; x_wconf 87' lang='lat' dir='ltr'>esset.</span> 
     </span>
    </p>
   </div>
   <div class='ocr_carea' id='block_1_4' title="bbox 195 4128 1373 4602">
    <p class='ocr_par' dir='ltr' id='par_1_4' title="bbox 230 4128 1211 4201">
     <span class='ocr_line' id='line_1_33' title="bbox 230 4128 1211 4201; baseline -0.008 -14"><span class='ocrx_word' id='word_1_294' title='bbox 230 4139 247 4201; x_wconf 87' lang='lat'>¹)</span> <span class='ocrx_word' id='word_1_295' title='bbox 263 4142 399 4188; x_wconf 81' lang='lat' dir='ltr'>Praeterea</span> <span class='ocrx_word' id='word_1_296' title='bbox 415 4146 457 4187; x_wconf 75' lang='grc' dir='ltr'>νοῦ</span> <span class='ocrx_word' id='word_1_297' title='bbox 475 4145 546 4186; x_wconf 80' lang='grc' dir='ltr'><em>καλοῦ</em></span> <span class='ocrx_word' id='word_1_298' title='bbox 563 4139 737 4198; x_wconf 88' lang='lat' dir='ltr'>requireretur</span> <span class='ocrx_word' id='word_1_299' title='bbox 754 4133 870 4201; x_wconf 78' lang='lat' dir='ltr'>(attende</span> <span class='ocrx_word' id='word_1_300' title='bbox 888 4137 956 4182; x_wconf 91' lang='lat' dir='ltr'>enim</span> <span class='ocrx_word' id='word_1_301' title='bbox 974 4134 1008 4181; x_wconf 77' lang='lat' dir='ltr'>od</span> <span class='ocrx_word' id='word_1_302' title='bbox 1024 4140 1078 4180; x_wconf 81' lang='grc' dir='ltr'>τοῦ</span> <span class='ocrx_word' id='word_1_303' title='bbox 1095 4128 1211 4196; x_wconf 74' lang='grc' dir='ltr'><em>ἀγαθοῦ).</em></span> 
     </span>
    </p>

    <p class='ocr_par' dir='ltr' id='par_1_5' title="bbox 195 4209 1373 4520">
     <span class='ocr_line' id='line_1_34' title="bbox 227 4209 1373 4279; baseline -0.011 -13"><span class='ocrx_word' id='word_1_304' title='bbox 227 4216 248 4278; x_wconf 60' lang='grc' dir='ltr'>Ε)</span> <span class='ocrx_word' id='word_1_305' title='bbox 264 4220 333 4266; x_wconf 89' lang='lat' dir='ltr'>Illud</span> <span class='ocrx_word' id='word_1_306' title='bbox 358 4219 369 4279; x_wconf 81' lang='grc' dir='ltr'>ι)</span> <span class='ocrx_word' id='word_1_307' title='bbox 393 4233 407 4266; x_wconf 86' lang='lat' dir='ltr'>a</span> <span class='ocrx_word' id='word_1_308' title='bbox 428 4219 500 4267; x_wconf 89' lang='lat' dir='ltr'>codd.</span> <span class='ocrx_word' id='word_1_309' title='bbox 519 4220 600 4276; x_wconf 77' lang='lat' dir='ltr'>abest,</span> <span class='ocrx_word' id='word_1_310' title='bbox 617 4218 707 4266; x_wconf 87' lang='lat' dir='ltr'>sedin</span> <span class='ocrx_word' id='word_1_311' title='bbox 725 4217 844 4264; x_wconf 87' lang='lat' dir='ltr'>omnibus</span> <span class='ocrx_word' id='word_1_312' title='bbox 861 4218 955 4262; x_wconf 84' lang='lat' dir='ltr'>reterr.</span> <span class='ocrx_word' id='word_1_313' title='bbox 973 4215 1044 4261; x_wconf 84' lang='lat' dir='ltr'>editt.</span> <span class='ocrx_word' id='word_1_314' title='bbox 1063 4217 1202 4272; x_wconf 81' lang='lat' dir='ltr'>comparet.</span> <span class='ocrx_word' id='word_1_315' title='bbox 1220 4211 1329 4257; x_wconf 69' lang='lat' dir='ltr'>Barnun</span> <span class='ocrx_word' id='word_1_316' title='bbox 1347 4209 1373 4253; x_wconf 90' lang='lat' dir='ltr'>et</span> 
     </span>
     <span class='ocr_line' id='line_1_35' title="bbox 195 4286 1372 4359; baseline -0.012 -12"><span class='ocrx_word' id='word_1_317' title='bbox 195 4302 345 4348; x_wconf 76' lang='lat' dir='ltr'>Sommmna</span> <span class='ocrx_word' id='word_1_318' title='bbox 367 4298 434 4345; x_wconf 86' lang='lat' dir='ltr'>idem</span> <span class='ocrx_word' id='word_1_319' title='bbox 459 4299 588 4359; x_wconf 85' lang='lat' dir='ltr'>exhibent,</span> <span class='ocrx_word' id='word_1_320' title='bbox 612 4297 681 4357; x_wconf 89' lang='lat' dir='ltr'>qnod</span> <span class='ocrx_word' id='word_1_321' title='bbox 705 4296 796 4343; x_wconf 80' lang='lat' dir='ltr'>Stellb.</span> <span class='ocrx_word' id='word_1_322' title='bbox 820 4288 908 4357; x_wconf 81' lang='lat' dir='ltr'>(labo)</span> <span class='ocrx_word' id='word_1_323' title='bbox 931 4293 1019 4340; x_wconf 86' lang='lat' dir='ltr'>edidit.</span> <span class='ocrx_word' id='word_1_324' title='bbox 1047 4294 1141 4339; x_wconf 82' lang='lat' dir='ltr'>Aerrus</span> <span class='ocrx_word' id='word_1_325' title='bbox 1167 4286 1254 4353; x_wconf 80' lang='grc'>(1814)</span> <span class='ocrx_word' id='word_1_326' title='bbox 1279 4289 1309 4334; x_wconf 90' lang='lat' dir='ltr'>oi.</span> <span class='ocrx_word' id='word_1_327' title='bbox 1333 4288 1372 4333; x_wconf 79' lang='lat' dir='ltr'>nai</span> 
     </span>
     <span class='ocr_line' id='line_1_36' title="bbox 195 4365 1371 4441; baseline -0.014 -15"><span class='ocrx_word' id='word_1_328' title='bbox 195 4385 354 4440; x_wconf 70' lang='grc' dir='ltr'><em>γελωτοποιεῖν</em></span> <span class='ocrx_word' id='word_1_329' title='bbox 377 4381 560 4440; x_wconf 68' lang='grc' dir='ltr'><em>ἒπεχεερεῖ......</em></span> <span class='ocrx_word' id='word_1_330' title='bbox 584 4375 597 4436; x_wconf 79' lang='grc'>1)</span> <span class='ocrx_word' id='word_1_331' title='bbox 619 4377 672 4441; x_wconf 76' lang='grc' dir='ltr'><em>περ)</em></span> <span class='ocrx_word' id='word_1_332' title='bbox 692 4379 764 4423; x_wconf 79' lang='grc' dir='ltr'><em>καλοῦ</em></span> <span class='ocrx_word' id='word_1_333' title='bbox 781 4370 811 4420; x_wconf 85' lang='grc' dir='ltr'>αὖ</span> <span class='ocrx_word' id='word_1_334' title='bbox 829 4372 966 4426; x_wconf 70' lang='grc' dir='ltr'><em>σπουδάζεις</em></span> <span class='ocrx_word' id='word_1_335' title='bbox 983 4373 1073 4431; x_wconf 76' lang='lat' dir='ltr'>postea</span> <span class='ocrx_word' id='word_1_336' title='bbox 1091 4365 1178 4432; x_wconf 77' lang='lat'>(1822)</span> <span class='ocrx_word' id='word_1_337' title='bbox 1200 4370 1285 4415; x_wconf 76' lang='lat' dir='ltr'>autem</span> <span class='ocrx_word' id='word_1_338' title='bbox 1303 4365 1371 4411; x_wconf 88' lang='lat' dir='ltr'>idem</span> 
     </span>
     <span class='ocr_line' id='line_1_37' title="bbox 196 4453 602 4520; baseline -0.012 -13"><span class='ocrx_word' id='word_1_339' title='bbox 196 4459 289 4507; x_wconf 77' lang='lat' dir='ltr'>deletis</span> <span class='ocrx_word' id='word_1_340' title='bbox 307 4459 391 4506; x_wconf 83' lang='lat' dir='ltr'>verbis</span> <span class='ocrx_word' id='word_1_341' title='bbox 408 4459 460 4520; x_wconf 73' lang='grc' dir='ltr'><em>περὶ</em></span> <span class='ocrx_word' id='word_1_342' title='bbox 478 4461 550 4504; x_wconf 81' lang='grc' dir='ltr'><em>καλοῦ</em></span> <span class='ocrx_word' id='word_1_343' title='bbox 567 4453 602 4503; x_wconf 81' lang='grc' dir='ltr'>αὖ.</span> 
     </span>
    </p>

    <p class='ocr_par' dir='ltr' id='par_1_6' title="bbox 229 4528 1153 4602">
     <span class='ocr_line' id='line_1_38' title="bbox 229 4528 1153 4602; baseline -0.011 -17"><span class='ocrx_word' id='word_1_344' title='bbox 229 4534 250 4602; x_wconf 78' lang='lat'>³)</span> <span class='ocrx_word' id='word_1_345' title='bbox 269 4537 334 4602; x_wconf 76' lang='grc' dir='ltr'><strong><em>Πρὸς</em></strong></span> <span class='ocrx_word' id='word_1_346' title='bbox 351 4535 439 4584; x_wconf 88' lang='lat' dir='ltr'>delent</span> <span class='ocrx_word' id='word_1_347' title='bbox 456 4537 533 4584; x_wconf 79' lang='lat' dir='ltr'>etiem</span> <span class='ocrx_word' id='word_1_348' title='bbox 550 4536 587 4584; x_wconf 86' lang='lat' dir='ltr'>W.</span> <span class='ocrx_word' id='word_1_349' title='bbox 604 4536 636 4582; x_wconf 84' lang='grc' dir='ltr'>Η.</span> <span class='ocrx_word' id='word_1_350' title='bbox 655 4535 812 4593; x_wconf 75' lang='lat' dir='ltr'>rhompeon,</span> <span class='ocrx_word' id='word_1_351' title='bbox 829 4531 940 4591; x_wconf 84' lang='lat' dir='ltr'>Madvig,</span> <span class='ocrx_word' id='word_1_352' title='bbox 959 4528 1153 4577; x_wconf 82' lang='lat' dir='ltr'>Herwerdenns.</span> 
     </span>
    </p>
   </div>
   <div class='ocr_carea' id='block_1_5' title="bbox 0 0 1647 5098">
    <p class='ocr_par' dir='ltr' id='par_1_7' title="bbox 0 0 1647 5098">
     <span class='ocr_line' id='line_1_39' title="bbox 0 0 1647 5098; baseline 0 0"><span class='ocrx_word' id='word_1_353' title='bbox 0 0 1647 5098; x_wconf 95' lang='lat' dir='ltr'> </span> 
     </span>
    </p>
   </div>
  </div>
 </body>
</html>
