3260 5098
711 287 752 393 οι

153 515 473 590 interpretamentum
504 517 648 579 eicienda
677 520 815 596 putavit,
843 523 928 595 qnod
951 538 1001 597 ap.
1026 525 1126 586 bonos
1150 528 1323 602 scriptores

109 667 111 672 -
153 629 274 691 Atticos
294 627 371 701 ὅστις
391 633 425 691 et
445 629 476 702 ύς
496 646 561 692 non
572 632 755 707 promiscue
767 638 980 712 usurpentur;
994 638 1065 699 sine
1078 655 1186 717 cansa,
1199 657 1275 702 nam
1289 643 1322 702 in

155 741 249 804 3990
269 742 376 814 ταύτας
400 743 519 804 δύο...
539 742 659 821 αἳτινες,
676 745 709 805 in
730 745 832 806 618Ε
850 746 935 827 χείρω
955 745 1009 826 μὲν
1028 754 1186 829 καλοῦντα,
1205 747 1320 830 licum,

153 853 256 932 ἀμιίνα
282 851 310 916 δ’
337 853 415 928 ὅστις
437 861 495 916 κτλ.
519 857 670 931 legimus,
694 859 779 919 siout
802 875 899 936 saepe
923 860 940 921 ύ
962 884 988 921 τι
1011 878 1067 937 pro
1087 858 1103 923 ἁ
1124 867 1158 926 et
1176 863 1245 926 ύτοο
1265 883 1321 942 pro

153 961 186 1028 οὗ
216 969 266 1040 (cf.
299 969 392 1044 Gorg.
424 966 528 1031 453ss
559 964 633 1030 αὐτὸ
656 977 752 1048 τοῦτο,
781 969 847 1051 περὶ
875 971 944 1034 ὅσον
970 971 986 1034 ὁ
1010 975 1096 1056 λόγος
1120 975 1208 1057 ἐστίν)
1232 995 1321 1041 usur·

151 1086 251 1158 patur.
277 1084 355 1145 llire
378 1083 509 1159 (lampb.
534 1086 669 1145 annotat
695 1086 770 1161 ,ibe
793 1085 958 1149 indefinite
981 1089 1117 1151 relative
1137 1092 1221 1152 suits
1241 1094 1321 1154 with

153 1198 269 1260 Plato‘s
291 1198 428 1259 affected
450 1198 654 1272 ignorence.”
679 1198 749 1259 Par.
774 1191 817 1258 ΑῙ
843 1221 969 1278 αοτινις,
988 1202 1107 1277 inmg.
1128 1220 1174 1266 m.
1196 1208 1259 1267 vet.
1281 1198 1321 1266 αὖ

151 1333 222 1384 τινες
247 1309 344 1390 (Sicut
366 1312 445 1374 Ven.
472 1315 524 1390 ll),
548 1304 602 1373 ΑΠ
626 1312 733 1386 αἵτινες
757 1315 898 1376 exhibet.

41 1420 84 1478 399
105 1414 129 1480 l
192 1427 270 1488 Fere
289 1441 403 1488 omnes
422 1427 512 1488 editt.
533 1428 620 1489 recte
640 1428 816 1503 probarunt
834 1428 974 1489 formam
994 1429 1150 1489 κατύέειιιε
1170 1434 1203 1491 et
1222 1432 1255 1492 in
1267 1431 1322 1502 §0

152 1543 227 1600 ίεῑιτε
250 1556 307 1616 pro
329 1541 444 1602 formis
466 1541 678 1618 aoristorum3
703 1541 766 1602 vid.
790 1541 957 1604 Heliorum
977 1542 1061 1614 (Gur.
1083 1543 1158 1605 orit.
1179 1560 1209 1620 p.
1230 1547 1261 1616 4)
1283 1547 1321 1607 de

108 1644 291 1715 Bconfusis
321 1665 347 1714 rt
378 1657 412 1717 et
442 1669 454 1714 ῑ
482 1655 516 1715 in
547 1653 683 1716 Politiae
712 1655 812 1716 libris.
846 1647 865 1736 ΙΙ
888 1656 973 1716 Astii
997 1659 1056 1718 cam
1079 1655 1321 1737 παρατεταμένας

151 1768 247 1830 etiam
280 1767 418 1830 Oobeius
449 1766 524 1847 (lin.
559 1770 644 1831 1860
673 1784 703 1844 p.
737 1767 813 1844 244)
845 1770 1049 1845 improbavit.
1081 1803 1122 1812 —
1151 1772 1257 1834 Verba
1279 1771 1320 1851 μὴ

150 1881 235 1967 βιαίρο
265 1896 329 1942 non
359 1881 544 1956 significant
578 1897 655 1958 ,neo
688 1882 849 1943 violenta”
881 1883 939 1953 (sic
970 1884 1031 1944 Ast
1062 1885 1231 1967 Schneid.)‚
1263 1887 1320 1948 sed

153 1995 334 2072 ,coactus,''
358 1997 526 2071 propterea
549 1997 632 2070 quod
656 1997 697 2056 lis
720 1993 855 2069 ἑκούσιος
878 1998 1061 2072 oppositum
1082 2002 1142 2060 est.
1162 1999 1269 2060 Etiam
1290 1999 1324 2059 ui

149 2108 238 2187 βίαιοι
269 2107 388 2190 κρύξιις
419 2117 491 2170 esse
523 2112 660 2185 possunt
682 2107 823 2187 ἑκούσιοι,
846 2111 909 2172 vid.
934 2112 1030 2186 Legg.
1055 2113 1119 2174 874
1132 2113 1169 2174 D.
1195 2114 1320 2191 Quomi·

148 2237 207 2284 nus
246 2220 380 2294 ἑκούσιος
418 2239 474 2298 per
508 2225 674 2301 „amicus”
706 2227 885 2303 vertamus,
916 2225 1045 2300 linguae
1076 2242 1167 2305 usus,
1199 2229 1319 2305 opinor,

148 2337 302 2412 probibet.
327 2338 477 2398 Praestat
499 2339 599 2412 igitur
621 2338 722 2399 etiam
746 2338 779 2398 in
803 2337 823 2414 ξ
847 2340 875 2398 Α
900 2335 942 2409 (έν
966 2338 1046 2424 κύσχχ
1069 2339 1156 2424 βιαίῳ
1180 2337 1321 2423 έρχασίμ),

150 2451 180 2511 ἑο
210 2452 229 2521 5
262 2451 294 2528 0,
326 2452 359 2511 in
391 2452 491 2513 6030
521 2467 589 2513 voc.
622 2451 719 2530 βίαιος
749 2452 880 2526 passivo
907 2467 1006 2513 sensu
1028 2454 1220 2527 usurpatum
1246 2467 1319 2514 esse

148 2569 270 2639 putare.
305 2600 342 2609 —
369 2566 430 2627 Pro
453 2562 598 2644 ύιτέχοντα
621 2566 688 2627 iere
711 2581 825 2627 omnes
848 2567 937 2628 codd.
962 2563 1101 2644 ἐπέχοντα
1125 2566 1183 2637 (sie
1206 2567 1317 2628 Herm.

149 2679 229 2739 Bait.
267 2678 409 2755 Gampb.)
443 2680 606 2755 praebent,
639 2680 735 2756 male,
767 2679 843 2753 quia
878 2679 1145 2756 „submissionis”
1178 2680 1318 2756 notione,
1358 2756 1360 2760 χ

104 2788 227 2866 cquae
259 2792 311 2853 bic
341 2792 524 2869 requiritur,
557 2807 624 2853 voc.
657 2789 768 2870 έκὲχειν
800 2795 897 2855 caret.
931 2784 951 2876 ΙΙ
982 2793 1061 2854 Fere
1092 2807 1206 2854 omnes
1229 2794 1318 2854 codd.

149 2921 215 2966 roc.
240 2901 383 2983 ἁρμονίας
406 2908 479 2979 post
502 2902 648 2985 ἀνδρείαν
671 2906 800 2982 iterant,
825 2905 909 2967 unde
934 2921 998 2966 non
1017 2906 1135 2967 iniuria
1155 2906 1319 2968 Herwerd.

149 3017 219 3089 (bin.
247 3020 343 3090 1883)
366 3019 550 3093 suspicatus
574 3021 711 3079 estnon
735 3019 830 3079 modo
854 3019 1033 3080 secundum
1058 3014 1201 3098 ἁρμονίας
1225 3019 1320 3092 (quod

149 3132 214 3194 iere
237 3147 351 3193 omnes
373 3133 463 3194 editt.
488 3132 605 3203 delent)
630 3134 777 3207 spurium
802 3147 884 3208 esse,
909 3132 1090 3193 sedetiam
1114 3133 1213 3206 prius.
1240 3131 1320 3192 (lum

149 3246 286 3320 quedam
308 3246 340 3307 vi
360 3247 393 3306 in
406 3247 611 3307 conclusione
623 3245 850 3306 tantummodo
863 3245 971 3317 ταύτας
983 3245 1105 3307 omisso
1117 3246 1321 3306 substantivo
1393 3299 1397 3308 .

149 3361 272 3421 dicitur.
296 3361 333 3419 In
358 3361 433 3420 edit.
458 3360 551 3421 Goth.
574 3360 606 3420 ΙΙ
630 3359 741 3420 Stallb.
766 3359 905 3420 alterum
930 3355 1073 3437 ἁρμονίας
1093 3360 1197 3434 priore
1217 3359 1322 3419 deleto

149 3474 300 3534 servavit.
338 3474 397 3534 Per
431 3473 623 3548 hypallagen
657 3473 747 3547 ipsae
777 3471 965 3533 harmoniae
996 3469 1130 3542 ἑκούσιος
1163 3473 1195 3532 et
1225 3471 1322 3550 βίαιος

150 3589 282 3648 vocatae
302 3589 389 3663 sunt,
411 3587 503 3647 ouius
524 3587 649 3648 dicendi
669 3585 790 3659 figurae
807 3579 981 3646 Schneider
993 3585 1159 3660 complura
1171 3584 1321 3659 exempla

149 3702 187 3762 ad
208 3703 294 3762 hunc
313 3702 419 3762 locum
437 3701 595 3775 apposnit.
610 3700 690 3761 (lum
704 3701 816 3760 autem
828 3701 902 3774 post
915 3699 970 3759 δύο
983 3699 1086 3759 oratio
1098 3699 1271 3774 paulisper,
1286 3700 1322 3757 ut

149 3817 224 3876 ante
243 3814 505 3875 enumerationes
525 3815 656 3889 assolet,
670 3813 916 3890 intermittatur,
928 3813 1070 3887 permira
1082 3812 1138 3872 illa
1150 3812 1321 3887 hypallage

149 3929 229 3988 mibi
261 3928 397 4004 videtur,
421 3928 591 4002 praecipue
614 3928 698 4001 quod
722 3927 834 3987 statim
860 3927 995 4000 genitivi
1019 3928 1214 4001 acquantum
1240 3927 1322 3987 banc

151 4041 278 4103 obrem
299 4040 467 4114 vulgatam
488 4042 670 4115 corruptam
692 4055 807 4101 censeo
827 4035 1324 4118 οὲ1οςοοᾱοοιβιαίανὲκοοσίων

150 4157 247 4226 (nent.
280 4170 363 4230 gen,
395 4155 442 4214 ita
473 4155 510 4214 ut
543 4152 626 4232 βίαια
656 4153 743 4214 idem
774 4151 934 4226 significet
957 4154 1041 4226 quod
1065 4150 1157 4230 βίαιοι
1180 4150 1320 4229 κρύξεις).

150 4269 251 4345 Saepe
281 4269 314 4329 in
345 4270 416 4330 Par.
441 4263 506 4339 ΑΙ)
530 4270 564 4329 et
585 4267 708 4330 Veneto
734 4270 767 4326 Π
786 4272 837 4339 (ne
861 4267 977 4328 deterr.
1002 4267 1090 4327 codd.
1116 4266 1224 4336 citam)
1248 4276 1266 4324 ο
1290 4267 1323 4326 et

184 4475 202 4536 ¹)
224 4478 266 4526 Sic
288 4479 366 4538 paulo
389 4479 448 4526 ente
470 4480 593 4538 ἀμύνοντα
614 4492 661 4539 pro
684 4481 810 4537 ἀγαπῶντα
833 4479 860 4524 et
882 4475 960 4536 poulo
978 4474 1087 4534 posted
1104 4476 1219 4538 τριγώνων
1236 4474 1323 4521 Baiter

149 4559 255 4632 annotat
270 4557 405 4626 ¹,alimum
430 4576 449 4605 ιτ
473 4558 500 4605 in
526 4558 627 4604 litura.”
650 4558 680 4622 In
703 4557 787 4605 troo
811 4558 868 4604 Par.
891 4553 922 4602 Al
943 4555 1027 4609 ἁιινως,
1046 4555 1094 4602 tri
1110 4554 1129 4601 0
1147 4550 1224 4608 οὕτως,
1244 4556 1270 4601 et
1285 4553 1323 4599 sie

149 4630 292 4684 ebiberilleb
308 4636 365 4684 Peri
383 4636 504 4685 librarius
521 4637 623 4684 errarit.
