3260 5098
684 331 744 390 111

123 516 268 577 voculam
290 539 319 576 τε
341 527 383 579 ex
406 534 470 578 uno
489 518 613 601 Veneto
638 514 666 582 Ξ
684 519 766 588 (0011.
792 519 925 578 Phaedr.
954 520 1018 579 230
1032 520 1069 588 Β)
1093 519 1297 596 addiderunt,

122 642 194 688 nam
225 630 288 691 duo
317 631 374 691 illa
402 652 433 690 τε
463 632 547 692 inter
577 647 612 692 se
643 632 846 707 respondent.
878 665 917 675 -
943 631 1071 705 corrige
1094 633 1144 703 (ci.
1171 649 1222 693 ex.
1247 649 1293 706 gr.

123 741 184 801 420
197 743 234 812 Β)
257 741 311 820 τὴν
330 742 428 821 πόλιν,
449 745 513 805 rid.
539 745 624 805 dicta
647 745 686 804 ad
711 744 822 805 4120.
846 746 984 807 Articuli
1006 747 1077 806 tarn
1102 761 1199 820 saepe
1221 748 1297 806 ante

124 853 264 917 litteram
288 878 311 917 π
334 859 481 919 excidere
505 860 664 934 poterant,
688 859 764 944 quia
788 860 918 919 tantum
945 863 972 917 T
992 875 1067 920 cum
1091 862 1168 920 nota
1188 861 1297 934 tachy-

85 955 104 1021 0
125 971 274 1043 graphica
292 973 325 1032 ln
344 972 476 1047 papyris
495 972 637 1044 antiquis
659 972 867 1033 scribebatur.
881 969 900 1054 11
913 973 1028 1034 Veneti
1041 975 1072 1031 Π
1083 973 1157 1034 lect.
1170 971 1296 1057 πατρῴῳ

123 1097 205 1142 unus
237 1090 323 1154 (nam
355 1086 466 1146 Stallb.
494 1087 578 1146 1858
602 1085 713 1169 πατρίῳ
737 1086 847 1156 edidit)
870 1087 985 1147 Astius
1008 1087 1125 1148 acriter
1144 1087 1296 1164 defendit,

123 1197 155 1253 at
173 1197 339 1259 Platonica
362 1199 543 1273 respublica
562 1213 626 1258 non
647 1199 865 1275 Atheniensis
888 1201 945 1261 sed
966 1200 1088 1261 Graeca
1102 1201 1218 1261 civitas
1235 1203 1295 1278 est,
1396 1271 1398 1275 ,

123 1312 287 1380 praeterea
328 1313 498 1386 sequentia
535 1311 656 1391 reciperer
692 1309 834 1390 ἐξηγητὴς
868 1328 970 1386 paene
1006 1315 1150 1374 clamant
1184 1314 1297 1399 πατρίῳ

123 1424 255 1499 requiri;
298 1426 446 1486 videatur
481 1427 666 1487 Schneideri
702 1427 879 1488 annotatio.
915 1427 1131 1488 Herwerdeno
1166 1428 1296 1488 foedum

123 1535 446 1611 interpretamentum
467 1537 597 1624 ἐνμέσῳ
618 1540 738 1601 delenti
758 1542 1089 1627 prorsus-assentiom
1112 1541 1175 1602 vid.
1189 1542 1296 1602 simile

78 1644 103 1708 11
124 1650 282 1713 emblema
301 1654 335 1713 in
356 1653 419 1714 414
433 1654 468 1715 D.
484 1647 503 1736 ΙΙ
516 1655 576 1715 Pro
592 1653 716 1732 πότερον
729 1654 893 1716 Herwerd.
908 1655 981 1726 (Mn.
998 1655 1094 1724 1883)
1108 1656 1146 1716 ci.
1160 1653 1297 1734 ποτέραν,

124 1775 183 1833 quo
206 1779 267 1826 non
291 1781 381 1842 opuS,
406 1767 446 1828 ci.
471 1783 522 1828 ex.
546 1783 594 1843 gr.
619 1767 721 1828 4340
746 1765 861 1827 ἐκείνου
881 1769 901 1828 1.
924 1784 951 1828 e.
973 1774 1024 1844 τῆς
1044 1764 1171 1844 ἀδικίας,
1192 1768 1295 1828 445Β

125 1870 276 1958 ἐπειδήπερ
299 1876 397 1957 ἐφάνη
421 1901 453 1959 γε
478 1877 548 1940 ὄντα
573 1879 694 1960 ἑκάτερα
717 1885 775 1940 κτλ.

32 1985 58 2044 18
79 1983 99 2048 l
164 1990 245 2053 Male
268 1993 376 2067 Steph.
402 1995 434 2054 et
458 1995 519 2055 Ast
543 1995 700 2055 dederunt
724 1991 793 2053 ίίλλο
817 2016 844 2052 τι
867 2010 924 2069 pro
949 1991 1018 2054 dile
1043 1992 1093 2071 ἔτι,
1115 1995 1190 2068 quia
1210 1990 1296 2067 ἄλλος

124 2101 152 2161 h.
183 2104 204 2164 1.
227 2106 387 2180 significat
414 2107 581 2183 „diversus
604 2110 656 2168 a.'’
682 2108 837 2168 Potuerat
862 2110 974 2169 auctor
997 2108 1137 2168 scribere
1162 2104 1231 2168 ίίλλο
1255 2105 1297 2167 ἔτι

124 2225 174 2276 τοῦ
198 2201 440 2297 ὑπολειφθέντος.
457 2210 515 2280 Ἦν
539 2223 625 2282 idem
650 2222 702 2282 hic
726 2222 814 2282 valet
837 2224 935 2295 atque
960 2219 1045 2281 ἐστίν.
1067 2220 1231 2296 dempbell
1253 2222 1298 2281 cft

127 2333 223 2396 4970
254 2334 379 2414 δηλώσει
411 2333 454 2396 ὅτι
484 2344 570 2396 τοῦτο
599 2331 653 2413 μὲν
675 2345 715 2419 τῷ
739 2332 801 2395 ὄντι
824 2341 911 2396 θεῖον
934 2326 980 2413 ἦν.
1005 2337 1201 2396 Praesertim
1224 2336 1297 2409 post

125 2442 178 2524 dou
208 2450 393 2510 huiusmodi
423 2450 613 2524 imperfecta
645 2449 847 2525 adhibentur,
880 2450 919 2509 cf.
953 2450 1052 2510 Arist.
1084 2449 1173 2508 Aves
1196 2445 1232 2506 οὐ
1258 2445 1295 2506 σὺ

125 2559 211 2636 μόνος
241 2558 289 2643 ἄρ’
324 2554 397 2642 ἧσθ’
433 2561 522 2639 ἔποψ,
553 2560 626 2623 ἀλλὰ
655 2552 759 2641 χοῦτος
789 2557 892 2639 ἕτερος.
926 2595 964 2632 -,-
998 2561 1138 2634 Vulgata
1162 2557 1193 2618 ἐν
1216 2557 1295 2642 αὐτῷ

126 2689 175 2735 me
206 2677 290 2738 male
320 2678 429 2754 habet,
458 2692 534 2738 cum
556 2692 616 2738 uec
639 2673 671 2735 ἐν
695 2684 730 2759 τῇ
753 2673 836 2734 πόλει
861 2673 1042 2748 significare
1064 2674 1168 2748 possit
1191 2687 1295 2745 neque

131 2788 205 2862 „hac
227 2791 259 2851 in
283 2793 339 2852 re'’
364 2791 395 2862 (it
420 2807 447 2852 e.
472 2787 640 2874 ἐντούτῳ),
664 2790 773 2862 itaque
796 2787 968 2862 legendum
994 2802 1109 2847 censeo
1133 2783 1165 2845 ἐν
1186 2783 1297 2862 αὐτοῖς,

127 2903 162 2965 cf.
187 2921 283 2981 supra
306 2905 408 2965 427E
432 2902 449 2964 ὅ
471 2926 497 2962 τι
518 2900 555 2962 dlv
579 2903 707 2963 αὐτῶν
730 2902 862 2982 εὕρωμεν
883 2905 940 2961 κτλ.
964 2901 1046 2960 Puto
1066 2900 1155 2960 vocis
1179 2896 1300 2960 αὐτοΙΟ

127 3016 203 3080 duas
232 3021 398 3081 extremas
427 3019 555 3078 litteras
577 3019 653 3079 ante
677 3033 816 3090 sequeus
840 3018 869 3074 Κ
892 3015 1062 3091 excidisse,
1087 3015 1200 3076 deinde
1224 3012 1297 3074 utro
1401 3018 1404 3023 “

126 3129 157 3190 in
185 3132 264 3216 αὐτῷ
296 3149 316 3194 a
346 3134 524 3195 correctore
554 3133 720 3192 mutatum
747 3147 830 3192 esse.
854 3131 952 3190 Porro
978 3131 1100 3202 corrige
1121 3127 1298 3206 κατάδηλος,

126 3261 198 3308 nam
221 3246 254 3308 τὸ
276 3247 444 3325 κατάδηλον
468 3240 543 3306 είναι
562 3247 651 3307 nullo
675 3248 770 3307 modo
789 3246 968 3320 proprietas
989 3245 1097 3317 aliqua
1116 3251 1167 3321 τῆς
1190 3242 1297 3319 σοφίας

127 3363 161 3421 ut
179 3360 210 3421 τὸ
229 3361 372 3442 χρήσιμον
393 3353 468 3420 εἶναι
488 3360 594 3423 vocari
613 3362 738 3434 potest;
758 3374 986 3434 praegressum
998 3365 1116 3435 πρῶτον
1128 3357 1296 3418 librarium

88 3471 156 3539 Cin
186 3491 327 3538 errorem
357 3476 460 3538 duxit.
493 3467 513 3559 ΙΙ
544 3474 728 3536 Heindorflo
755 3468 977 3552 βουλευομένην
1008 3471 1179 3544 corrigenti
1210 3473 1297 3532 recte

125 3593 297 3664 paruerunt
327 3591 388 3650 soli
411 3591 474 3650 Ast
497 3589 608 3649 Stallb.
633 3589 751 3648 Baiter.
775 3589 813 3647 In
836 3585 1046 3663 sequentibus
1069 3584 1157 3644 enim
1180 3583 1220 3642 ad
1242 3581 1297 3660 τὴν

126 3699 197 3784 ὑπὲρ
226 3680 285 3764 τῶν
316 3700 348 3762 ἔκ
377 3710 430 3763 τοῦ
462 3706 571 3780 χαλκοῦ
595 3703 628 3762 et
650 3699 705 3777 τήν
727 3696 802 3779 ὑπὲρ
824 3707 877 3760 τοῦ
901 3706 1018 3778 καρποῦ
1041 3701 1091 3757 κτλ
1115 3698 1297 3758 necessario
1344 3733 1346 3735 ·

126 3815 344 3895 βουλευομένην
364 3816 587 3890 cogitandum
609 3815 648 3875 cf.
668 3815 702 3873 in
722 3815 739 3883 ἓ
760 3814 818 3874 ult.
840 3801 1104 3891 ἐπιοτήμη,ἣ.....
1117 3810 1297 3890 βουλεύεται.

126 3931 208 3992 Ante
231 3926 453 4010 βουλευομένην
476 3928 546 3989 dele
570 3943 638 3988 voc.
664 3924 834 4003 ἐπιστήμην.
859 3959 902 3967 -
922 3926 993 3985 Vam
1017 3926 1042 3985 L
1065 3918 1085 4008 ᾗ
1096 3971 1166 3984 .....
1192 3922 1297 4002 ἑαυτῆς

128 4043 207 4124 (Par.
233 4046 262 4106 Δ
281 4061 345 4106 sec.
367 4044 497 4118 damph.
519 4041 625 4102 exhib.
647 4039 748 4131 αὐτῆς,
766 4056 830 4101 κον
851 4038 969 4118 ἑαυτῆς)
990 4041 1165 4116 probarunt
1184 4039 1296 4098 Herm.

128 4158 281 4222 schmelz.
312 4157 453 4232 damph,
486 4155 699 4231 ineptissime,
730 4170 808 4215 nam
838 4149 858 4231 ἡ
890 4151 1040 4230 φυλακικὴ
1072 4153 1245 4226 degenerat
1268 4152 1298 4211 si

84 4270 197 4354 Βὺπὲρ
230 4270 321 4350 αὐτῆς
352 4273 482 4332 tantum
512 4268 692 4348 βουλεύεται.
725 4260 744 4352 ΙΙ
775 4268 846 4326 Vam
876 4267 900 4327 L
931 4260 1024 4346 ἄριστ’
1054 4261 1092 4325 ἂν
1115 4281 1171 4341 pro
1194 4261 1298 4344 ἄριστα

126 4389 210 4463 prob.
243 4387 306 4446 Ast
335 4381 446 4461 (1814)
477 4384 589 4445 Stallb.
621 4384 715 4460 Bait,
740 4383 871 4458 optime,
895 4381 969 4442 vide
993 4395 1090 4454 supra
1112 4380 1146 4439 in
1168 4377 1188 4454 ὅ
1212 4376 1297 4450 0ος

127 4498 162 4562 ἂν
181 4499 242 4581 ἔχοι
261 4497 400 4579 βέλτιστοι.
421 4499 483 4559 nst
501 4500 668 4572 praeterea
687 4497 725 4558 01.
748 4490 838 4556 ὅντιν’
859 4491 897 4554 dv
908 4492 1027 4574 τρόπον.
1039 4495 1124 4567 Lege
1135 4490 1242 4569 νυνδή.
1254 4525 1293 4536 -

128 4617 196 4678 Par.
228 4617 258 4675 A
289 4629 352 4675 sec.
384 4612 513 4688 campo.
545 4613 678 4673 exhibet
704 4607 829 4689 τελέους,
852 4625 917 4673 non
939 4606 1049 4682 τελέας.
1072 4608 1166 4668 Unus
1188 4607 1298 4667 Baiter
