3260 5098
728 286 790 345 139

168 473 253 545 quod
260 471 460 546 probandum
469 471 549 530 duco
557 472 627 530 tam
635 471 764 544 propter
772 471 1094 531 sensum-Astiica
1103 473 1344 551 φιλογυμναστὴς

170 587 256 646 certe
285 585 391 658 magis
414 585 565 646 idoneum
590 599 725 662 sensnm
748 585 880 658 praebet
903 600 1002 658 qnam
1026 586 1159 659 vulgata
1182 588 1277 648 lectio
1303 622 1343 631 —

169 714 270 773 quam
303 699 432 773 propter
465 712 692 772 praegressum
722 696 914 776 γυμναστική.
947 699 1022 759 Mox
1051 701 1173 773 corrige
1204 701 1345 778 τοιαύτην

169 810 220 872 καλ
236 809 370 888 <τὴν>
384 819 442 870 τῶν
462 808 581 889 ἀνδρῶν
601 814 650 870 κτλ
671 812 841 885 propterea
860 812 944 884 qnod
964 812 1036 873 voci
1056 809 1176 891 ἀνδρῶν
1189 813 1346 875 articulus

170 925 299 986 additus
329 927 389 986 est.
423 958 462 968 —
496 925 575 986 Fere
605 925 752 984 omnium
784 925 873 986 codd.
904 923 982 1001 πλὴν
1014 923 1067 984 ὅσα
1099 923 1294 1006 ἀσθενεστέρα
1325 924 1345 1005 ἢ

171 1035 340 1117 ἰσχυροτέρα
371 1035 392 1096 ε’.
423 1038 596 1099 lectionem
628 1034 659 1114 (a
691 1039 758 1100 fere
784 1038 935 1100 omnibus
966 1039 1055 1100 editt.
1080 1041 1255 1114 receptam
1278 1042 1343 1101 iarn

172 1153 284 1214 Aetius
314 1156 401 1212 recte
432 1152 680 1228 improbaverat,
712 1153 768 1225 qui
799 1167 875 1213 cnm
902 1167 966 1212 uno
1001 1152 1118 1214 Stallb⁰
1142 1169 1184 1214 ex
1208 1154 1345 1215 Eusebio

171 1263 216 1343 (et
247 1262 380 1342 Gelono)
412 1264 511 1325 edidit
541 1259 559 1341 ἡ
592 1262 661 1341 (pro
692 1261 723 1342 ἢ)
759 1259 863 1336 <ὀ’>
901 1264 955 1343 ίσχ.
989 1263 1074 1325 ἐστίν.
1098 1266 1227 1328 Εοοοοίί
1250 1269 1345 1329 lectio

170 1379 239 1440 loco
268 1379 302 1438 in
330 1379 434 1438 4le
458 1377 517 1438 ult.
541 1386 637 1460 κοινῇ,
661 1375 729 1454 ἔφη,
751 1375 856 1436 πάντα
879 1375 957 1454 πλὴν
981 1375 1021 1450 ὡς
1044 1383 1094 1438 κτλ
1117 1381 1211 1455 plane
1234 1380 1343 1442 confir·

171 1494 290 1554 matur.
320 1491 513 1552 Sententiae
543 1491 673 1550 initium
698 1493 805 1551 verto:
841 1492 894 1565 „et
924 1490 1071 1552 mulieris
1103 1493 1201 1567 igitur
1230 1495 1263 1554 et
1286 1495 1347 1554 viri

171 1609 254 1682 ete,”
286 1622 350 1666 non
377 1606 414 1665 ut
437 1605 532 1679 vulgo
564 1619 730 1679 perperam
756 1603 793 1664 ut
819 1606 939 1680 „etiam
963 1607 1110 1666 mulieris
1132 1608 1230 1680 igitur
1254 1609 1345 1683 eto'’;

170 1737 230 1782 neo
250 1721 355 1794 magis
374 1719 469 1794 paulo
489 1721 563 1794 post
582 1719 764 1780 coniunctio
784 1715 834 1778 καί
854 1720 941 1790 (ante
960 1724 1110 1799 γυναῖκες)
1130 1735 1185 1794 per
1205 1718 1345 1796 „etiam”

171 1835 285 1894 Latine
308 1834 473 1909 vertenda,
497 1833 555 1894 sed
579 1833 722 1905 vulgaris
747 1832 879 1907 copulae
903 1834 969 1893 vim
995 1834 1134 1894 obtinet:
1160 1848 1201 1894 ex
1224 1828 1352 1894 conclu?

171 1949 262 2009 sione
286 1949 371 2008 enim
396 1943 473 2006 ἔστιν
497 1943 554 2026 ἅμα
578 1943 627 2004 καί
651 1943 801 2022 φυλακικὴ
825 1945 902 2024 μονή
927 1947 988 2007 dno
1013 1946 1218 2023 colliguntur,
1243 1947 1347 2021 primo

172 2063 242 2122 tam
266 2063 352 2122 viros
375 2075 474 2134 quam
498 2060 652 2120 mulieres
677 2060 763 2120 urbis
787 2061 953 2120 custodiae
977 2075 1071 2135 pares
1095 2075 1177 2136 esse,
1207 2061 1348 2121 secundo

120 2172 257 2240 Gtales
292 2174 446 2234 mulieres
481 2189 599 2234 uxores
634 2175 805 2234 custodum
841 2172 911 2234 fieri
943 2165 1238 2257 oporteretne
1269 2175 1293 2234 L
1323 2173 1350 2234 εί

100 2350 104 2356 ,
173 2286 287 2348 δυνατοί
319 2308 348 2346 τε
378 2284 428 2346 ταί
459 2287 486 2366 β.
516 2287 603 2361 prob.
635 2287 715 2348 Bkk.
749 2286 861 2348 Stallb.
895 2284 956 2365 (ed.
988 2285 1095 2364 Goth.)
1128 2287 1240 2348 Herm.
1264 2287 1347 2348 Bait.

174 2401 316 2478 campo,
340 2403 436 2476 recte,
462 2401 545 2474 quod
569 2400 621 2460 vel
644 2401 714 2461 eine
739 2402 828 2462 codd.
852 2402 1071 2475 reponendum
1096 2417 1167 2462 esse
1188 2401 1257 2460 sola
1279 2415 1346 2460 sen-

115 2515 148 2580 Ι)
173 2516 276 2576 tentia
298 2516 432 2576 iuberet.
457 2515 494 2574 In
520 2513 621 2576 4570
645 2513 757 2573 δυνατά
780 2536 810 2574 τε
833 2511 883 2573 καί
903 2511 1089 2597 &metaponti
1103 2530 1131 2576 e.
1152 2510 1305 2592 βέλτιστοι).
1330 2505 1349 2598 ΙΙ

173 2632 242 2689 vam
273 2631 298 2691 L
329 2627 471 2708 ποτέρους
501 2646 587 2691 unus
619 2630 730 2691 Stallb.
762 2629 823 2707 (ed.
856 2628 963 2707 Goth.)
990 2630 1121 2706 recepit,
1145 2630 1215 2689 sine
1240 2644 1349 2703 causa,

173 2746 212 2807 cf.
236 2746 336 2807 3340
354 2745 446 2806 initio
467 2745 695 2819 corrigendum
717 2760 831 2806 censeo
851 2743 966 2824 γελοῖόν
990 2745 1102 2820 <τι>,
1120 2745 1194 2819 post
1213 2745 1244 2802 Ν
1256 2742 1349 2803 facile

176 2861 220 2918 TI
247 2860 394 2920 excidere
424 2860 538 2934 potuit.
572 2892 612 2902 -
647 2860 684 2919 In
713 2859 812 2928 §ult
838 2860 871 2920 et
893 2859 927 2918 in
941 2859 969 2949 Ι5
992 2858 1016 2918 Ε
1040 2859 1083 2918 in.
1108 2858 1218 2918 Baiter
1240 2856 1350 2916 Helier

174 2969 259 3049 (Gur.
291 2973 361 3034 orit.
389 2990 419 3048 p.
444 2971 498 3052 40)
524 2973 689 3048 Campbell
712 2971 740 3031 τί
762 2971 814 3031 δαί
835 2989 852 3033 ο
877 2973 954 3033 Par⁰
977 2973 1005 3032 A
1029 2973 1228 3048 receperunt,
1253 2970 1349 3045 male,

121 3084 152 3149 E
174 3086 247 3146 vide
271 3086 356 3147 diota
380 3088 419 3148 ad
444 3087 508 3147 343
532 3089 571 3147 A.
592 3078 611 3170 ΙΙ
632 3087 731 3148 Recte
751 3102 836 3147 nnus
855 3087 921 3147 cod.
942 3107 968 3144 τι
992 3086 1099 3168 <τῇ>
1121 3084 1203 3145 πόλει
1220 3085 1352 3159 praebet

173 3204 341 3276 propterea
361 3202 445 3274 quod
465 3202 503 3261 de
523 3200 689 3261 Platonica
710 3201 842 3261 civitate
862 3215 947 3260 nunc
968 3215 1076 3260 sermo
1089 3201 1148 3260 est.
1163 3197 1351 3272 Complures

174 3314 263 3376 codd.
287 3323 322 3398 τῇ
344 3330 402 3390 pro
425 3336 450 3373 τι
475 3315 638 3374 exhibent.

25 3431 85 3490 457
118 3423 151 3490 Α
219 3429 342 3488 Iterum
371 3427 493 3501 corrige
520 3427 626 3510 <τῇ>
653 3424 746 3503 πόλει,
768 3427 840 3488 vide
864 3427 949 3487 dicta
973 3425 1013 3485 ad
1037 3424 1139 3485 4120
1163 3426 1197 3484 et
1219 3401 1371 3484 attende*

175 3543 214 3602 ad
245 3541 418 3601 discrimen
449 3541 533 3601 inter
565 3540 653 3618 (457)
686 3547 736 3616 τῆς
767 3536 834 3619 περὶ
864 3537 918 3615 τὴν
948 3537 1035 3598 πόλιν
1068 3539 1101 3598 ολ
1132 3533 1261 3614 (455Α)
1284 3535 1354 3614 τεμί

174 3655 296 3732 πόλεως,
326 3652 452 3733 (dete)
482 3653 565 3713 πόλει
596 3655 629 3714 ολ
659 3662 693 3736 τῇ
724 3651 814 3712 πόλει.
847 3686 888 3694 -
923 3651 1061 3712 dobetus
1092 3651 1179 3721 (nota
1211 3647 1286 3727 ms.)
1311 3651 1349 3710 ci.

175 3767 281 3846 ἔθεμεν
312 3785 369 3843 pro
399 3766 543 3845 ἐτίθεμεν,
572 3783 634 3840 quo
662 3782 726 3827 non
751 3782 831 3841 opus
855 3767 925 3827 coll.
951 3769 1015 3827 456
1030 3766 1063 3826 O.
1089 3766 1162 3826 Mox
1187 3764 1350 3825 Herwerd.

176 3884 249 3954 (Mn.
273 3884 368 3953 1883)
386 3882 482 3943 scribi
496 3882 565 3941 vult
577 3877 770 3957 ἀμφιοῡνται,
783 3881 976 3941 rectissime.
989 3881 1067 3940 Post
1078 3894 1181 3954 pauca
1194 3878 1352 3939 stobaens

125 3992 154 4056 Β
178 3994 341 4057 ἀποδοτέον
371 4012 427 4071 pro
459 3991 561 4054 δοτέον
589 3995 697 4071 tradit,
726 3996 857 4070 optime,
884 3995 945 4054 vid.
977 3995 1018 4054 ad
1042 3995 1105 4054 452
1119 3993 1157 4054 Α.
1183 3983 1202 4076 ΙΙ
1226 3992 1297 4052 Par.
1322 3991 1352 4050 Α

176 4111 307 4171 exhibet
337 4104 559 4190 μυναζομὲνανς.
592 4109 629 4168 In
660 4108 818 4182 proximis
849 4109 907 4168 aut
936 4114 989 4166 τοῦ
1019 4105 1136 4185 μελοίου
1164 4107 1223 4166 aut
1245 4104 1353 4181 σοφίας

176 4224 355 4284 insiticium
390 4237 462 4283 esse
498 4227 585 4283 recte
620 4222 735 4282 multis
770 4221 849 4281 viris
882 4221 933 4281 dd.
966 4220 1075 4280 visum
1108 4221 1168 4279 est.
1197 4219 1226 4280 J.
1256 4219 1291 4278 G.
1321 4219 1350 4278 S.

176 4337 361 4398 Schneideri
393 4334 457 4415 (cui
481 4337 601 4397 Saxoni
625 4350 802 4409 cognomen
825 4334 896 4403 fuit)
921 4337 980 4394 cam
1001 4339 1053 4391 τοῦ
1077 4330 1194 4410 γελοίου
1220 4329 1350 4405 [σοφίας]

177 4451 352 4526 probarunt
381 4450 568 4510 Badhamus
600 4449 747 4519 (Phaedri
778 4448 888 4522 praef.)
922 4448 955 4507 et
987 4445 1135 4520 Oobetus,
1166 4443 1258 4518 mute,
1289 4457 1354 4502 non

178 4563 273 4624 modo
304 4563 379 4637 quia
410 4579 523 4623 vereor
554 4564 591 4622 ut
622 4578 663 4622 an
693 4560 725 4620 τὸ
756 4557 871 4640 γέλοιον
901 4576 958 4635 pro
986 4567 1110 4636 σκῶμμα
1134 4556 1282 4630 (facetiis)
1303 4557 1354 4616 vel
