3278 5098
691 295 731 354 61

145 475 201 534 vam
220 479 242 539 L
263 489 418 556 κομιοῦσιν
443 482 494 553 (of.
520 482 620 544 3720
645 483 702 544 ult.
727 483 894 553 σποδιοῦσι)
914 486 1000 545 recte
1021 485 1195 559 probarunt
1215 486 1294 546 Bkk.

145 591 194 652 Ast
220 593 313 655 Cobet
343 597 431 665 (nota
462 598 535 665 ms.)
566 596 746 658 Stallbaum
780 597 875 658 1858.
904 598 954 658 Ad
978 595 1061 669 κενὸς
1087 597 1217 672 eampo.
1242 613 1294 659 an·

145 707 220 766 notat
252 729 283 784 „r
312 709 345 768 in
377 724 473 782 space
503 709 538 769 oi
565 709 636 770 four
663 710 777 771 letters
799 711 832 770 in
856 710 934 770 Ραι0
959 713 1019 772 Α.”
1045 712 1105 772 Pro
1128 709 1159 794 ἴῃ
1182 713 1295 786 optimi

144 821 217 883 codd.
248 823 387 896 pessime
422 821 475 900 εἴη.
511 823 556 884 De
587 824 879 898 permutationibus
911 825 1080 886 verborum
1114 818 1190 884 ελναι
1220 822 1296 884 ἰέναι

143 929 207 992 ἰέναι
226 935 256 995 in
278 935 396 997 Politia
419 936 458 998 ci.
483 935 606 998 Helleri
629 936 701 998 (λιιι.
726 936 802 998 Orit.
825 953 855 1012 p.
881 940 911 1000 6.

38 1037 78 1096 ru
99 1036 123 1102 1
180 1048 219 1109 De
237 1051 329 1111 verbo
349 1041 368 1134 ᾖ
388 1052 462 1125 post
480 1050 560 1129 χρεία
581 1052 704 1112 omisso
725 1053 796 1113 vide
817 1052 1011 1114 Sobancium
1027 1053 1060 1114 in
1072 1053 1152 1114 Nov.
1167 1052 1291 1114 Gomm.

141 1159 211 1223 Plat.
233 1163 356 1238 (1871);
381 1164 420 1225 cf.
445 1165 486 1225 ad
510 1164 574 1226 416
599 1165 635 1226 D.
663 1197 702 1208 -
723 1165 914 1227 Dubitanter
933 1167 1047 1227 Artius
1068 1165 1149 1237 (coll.
1171 1166 1235 1226 443
1256 1165 1293 1234 D)

139 1273 174 1334 ci.
201 1271 232 1332 τὰ
260 1275 352 1336 οἰκεῖα
382 1292 439 1352 pro
470 1274 505 1336 τὰ
536 1277 620 1338 οἴκοι.
651 1279 735 1340 illud
765 1269 808 1340 ὧν
832 1281 916 1354 (post
939 1276 1072 1351 ἐκείνοις)
1097 1294 1199 1340 marc.
1222 1293 1294 1352 gen.

139 1388 192 1448 est.
220 1388 307 1451 Plato
331 1390 470 1452 fortasse
493 1391 624 1466 scripsit
648 1388 720 1451 ἀλλὰ
743 1389 793 1451 καλ
816 1384 865 1452 οἷα
888 1390 938 1452 καὶ
962 1391 1017 1452 ὅσα
1040 1389 1162 1463 ἐκείνοις
1191 1385 1292 1468 <ιταρ’

138 1490 175 1560 ὧν
195 1496 230 1560 ἂν
247 1502 455 1581 κομίζωνται>
482 1494 525 1564 ὧν
545 1500 583 1563 ἂν
604 1501 734 1565 δέωνται.
755 1506 933 1579 Postquam
954 1521 1010 1581 per
1022 1507 1182 1567 homoeot.
1199 1505 1296 1566 verba

139 1603 176 1672 ιὀν
204 1609 239 1674 διν
259 1616 434 1694 κομίζωνται
458 1618 654 1694 exciderant,
680 1633 743 1679 vox
767 1612 833 1696 παρ’
861 1620 989 1694 punctu
1014 1620 1127 1679 notata
1151 1618 1293 1680 evanuit.

98 1722 206 1787 BMox
223 1729 340 1804 corrige
360 1726 410 1789 καλ
434 1731 563 1799 <τῶν>
588 1728 750 1802 ἐξαξόντων
770 1747 797 1792 ο.
818 1731 1036 1806 compluribus
1060 1732 1149 1793 codd.
1175 1722 1194 1814 ΙΙ
1218 1731 1295 1792 Her·

137 1855 225 1902 mann
255 1844 286 1902 et
318 1842 477 1904 Submota.
511 1847 549 1914 (c.
581 1843 684 1913 Astis)
716 1859 815 1918 prave
838 1844 886 1905 sic
909 1844 1179 1920 interpunxerunt
1205 1842 1242 1903 Τί
1263 1839 1296 1902 δὲ

138 1951 170 2030 δὴ
199 1952 227 2014 ἐν
254 1954 328 2040 αὐτῇ
351 1965 386 2040 τῇ
410 1954 509 2030 τιόλει;
534 1957 608 2018 Mox
630 1973 656 2018 c.
680 1958 792 2032 paucis
817 1958 905 2020 codd.
930 1959 1052 2032 corrige
1076 1954 1242 2029 καλοῦντές
1266 1978 1296 2016 τε

137 2066 181 2127 καλ
208 2066 368 2148 ὠνούμενοι
398 2071 469 2134 coll.
501 2072 519 2142 ἓ
543 2072 569 2132 D
601 2067 683 2148 ὠνήν
714 2093 742 2130 τε
773 2069 824 2131 καλ
854 2080 972 2151 πρᾶσιν.
998 2106 1038 2116 -
1063 2073 1183 2132 Parum
1209 2073 1296 2132 recte

138 2181 254 2258 campo.
288 2185 386 2245 verba
416 2182 545 2262 νόμισμα
561 2179 582 2256 ¹)
614 2184 764 2263 ξύμβολον
794 2189 845 2244 κτλ
875 2186 973 2246 vertit
1007 2187 1088 2261 „and
1119 2201 1139 2246 a
1167 2200 1296 2259 money·

136 2296 223 2357 token
245 2299 293 2359 for
316 2314 472 2374 purposes
496 2299 531 2360 ολ
551 2301 749 2374 erchange.”
774 2299 888 2360 Melius
913 2301 1011 2362 vertit
1035 2300 1178 2361 Gallicus
1201 2298 1295 2360 inter·

135 2423 200 2482 pres
229 2412 312 2474 Grou
347 2415 400 2488 „et
431 2428 493 2473 une
524 2413 685 2489 monuaie‚
718 2414 810 2487 signs
841 2414 880 2474 de
910 2413 943 2473 la
974 2413 1086 2476 valeur
1114 2413 1171 2473 des
1193 2413 1297 2487 objets

136 2524 315 2600 ecbauges”
341 2525 421 2588 Gum
450 2523 481 2586 ἐκ
504 2526 611 2587 τούτου
635 2525 795 2601 significet
818 2533 871 2586 τοῦ
895 2523 1030 2603 ἀλλήλοις
1054 2529 1221 2597 πωλοῦντες
1246 2522 1296 2584 καὶ

135 2632 288 2716 ὠνούμενοι
318 2639 509 2717 μεταδιδόναι
539 2637 625 2700 ἕνεκα
655 2642 675 2702 i.
709 2657 736 2702 e.
768 2647 821 2700 τοῦ
853 2637 1046 2700 ἀλλάττεσθαι
1076 2636 1172 2716 ἕνεκα,
1199 2639 1297 2698 verba

39 2781 40 2820 ι
135 2723 179 2827 ’τῆς
207 2749 332 2834 ἀλλαγῆς
356 2750 442 2813 ἕνεκα
465 2769 598 2830 prorsus
620 2755 796 2830 abundant,
821 2755 970 2828 quocirca
994 2753 1187 2815 vocabulum
1211 2748 1296 2811 ἕνεκα

134 2863 172 2936 (in
193 2865 322 2929 Vindob.
357 2869 385 2926 Φ
414 2870 488 2942 post
510 2867 660 2946 γενήσεται
686 2867 889 2938 collocatum)
913 2868 1085 2930 delendum
1109 2881 1235 2941 censeo,
1260 2867 1298 2926 ut

137 2979 223 3039 verba
251 2978 380 3057 νόμισμα
413 2980 562 3059 ξύμβολον
593 2989 644 3059 τῆς
674 2979 803 3061 ἀλλαγῆς
827 2980 1011 3056 significent
1032 2996 1207 3041 nummum
1230 2995 1297 3055 pre·

39 3139 41 3180 b
135 3089 209 3152 tium
238 3095 395 3156 mercium
427 3097 732 3157 commutandarum
757 3096 965 3158 indicantem.
991 3095 1091 3171 Saepe
1115 3095 1202 3156 euim
1226 3094 1298 3170 ξύμ-

135 3204 1296 3286 μωψωηωωῃηψωμωψωλ

39 3375 40 3378 ,
98 3313 275 3398 ὓσύμβολον
306 3318 399 3398 σαφὲς
430 3323 534 3401 λύπης.
559 3315 579 3406 ΙΙ
602 3324 640 3384 In
668 3324 686 3394 ἓ
710 3324 769 3384 ult.
793 3323 863 3384 dele
888 3324 986 3384 verba
1009 3319 1075 3401 περὶ
1099 3320 1153 3400 τὴν
1175 3319 1299 3402 ἀγορὰν,

135 3445 207 3505 quae
237 3439 310 3511 post
341 3434 434 3497 αὐτοῦ
467 3438 498 3508 (i.
529 3453 556 3498 e.
587 3434 618 3496 ἐν
642 3434 746 3520 ἀγορᾷ)
769 3437 864 3512 plane
888 3437 1015 3511 frigent.
1038 3436 1210 3496 Praeterea
1233 3451 1297 3496 non

138 3547 268 3620 „nucum
292 3550 419 3612 iorum”
444 3567 605 3626 caupones
629 3551 752 3612 versari
780 3551 896 3627 solent,
921 3551 978 3610 red
1004 3551 1056 3625 „in
1080 3549 1179 3623 ior0'’,
1204 3549 1296 3609 utin

95 3653 337 3728 bibdiserte
360 3663 500 3739 legimus
523 3661 712 3743 (ἱδρυμένους
736 3661 768 3724 ἐν
792 3661 908 3748 ἀγορᾷ).
933 3653 953 3748 ΙΙ
976 3660 1048 3724 Pari
1074 3665 1103 3724 A
1125 3661 1199 3724 lect.
1224 3659 1297 3720 τιλολ-

40 3817 41 3830 .
135 3795 214 3851 νητας
232 3779 302 3840 iure
323 3779 498 3854 probarunt
517 3779 663 3840 Schneid.
681 3779 856 3850 (additam.
869 3778 902 3839 in
916 3777 1010 3838 divit.
1024 3777 1143 3852 libros),
1158 3775 1298 3838 Oobetus

135 3887 199 3956 (Mn,
225 3893 310 3954 1875
333 3903 363 3968 p.
389 3894 453 3954 342
480 3891 648 3970 ,πλανήτης
676 3894 727 3954 est
750 3892 964 3967 poetarum'’t‚
989 3891 1073 3952 Bait.
1098 3889 1229 3964 campo.
1255 3923 1296 3932 -

135 4000 223 4068 Paulo
246 4008 325 4068 ante
347 4006 512 4068 Herwerd.
537 4006 610 4077 (Mn.
638 4006 734 4075 1891)
757 4005 942 4079 requirebat
964 4002 1117 4075 διαλλάξαι
1139 4018 1196 4077 pro
1216 4001 1297 4060 διαλ-

135 4112 245 4197 λάττειν,
277 4135 343 4182 uon
373 4135 464 4195 opus,
494 4120 570 4194 quia
600 4135 696 4195 saepe
729 4134 883 4194 praesens
914 4134 940 4180 c.
973 4117 1093 4178 aoristo
1118 4114 1296 4189 copulatur,

136 4229 190 4292 vid.
220 4235 259 4296 ad
291 4234 356 4294 364
381 4232 413 4294 0.
439 4234 650 4295 Traiectionis
674 4233 806 4294 voculae
838 4221 877 4290 ad
900 4230 1006 4292 multa
1031 4228 1181 4303 exempla
1204 4242 1295 4302 appo·

40 4321 1003 4424 'nmmfflQmamwmua

166 4584 182 4650 ¹)
197 4590 234 4639 De
251 4605 314 4640 voce
332 4594 436 4651 νόμισμα
454 4591 486 4638 cf.
504 4590 604 4638 Potitio.
622 4591 670 4638 189
679 4590 708 4638 ld.
