<?xml version="1.0" encoding="UTF-8"?>
<!DOCTYPE html PUBLIC "-//W3C//DTD XHTML 1.0 Transitional//EN"
    "http://www.w3.org/TR/xhtml1/DTD/xhtml1-transitional.dtd">
<html xmlns="http://www.w3.org/1999/xhtml" xml:lang="en" lang="en">
 <head>
  <title>
</title>
<meta http-equiv="Content-Type" content="text/html;charset=utf-8" />
  <meta name='ocr-system' content='tesseract 3.04.00' />
  <meta name='ocr-capabilities' content='ocr_page ocr_carea ocr_par ocr_line ocrx_word'/>
</head>
<body>
  <div class='ocr_page' id='page_1' title='image "./notaecriticaead01hartgoog_0089.png"; bbox 0 0 3278 5098; ppageno 0'>
   <div class='ocr_carea' id='block_1_1' title="bbox 825 295 926 382">
    <p class='ocr_par' dir='ltr' id='par_1_1' title="bbox 825 295 926 382">
     <span class='ocr_line' id='line_1_1' title="bbox 825 295 926 382; baseline 0.01 -1"><span class='ocrx_word' id='word_1_1' title='bbox 825 295 926 382; x_wconf 74' lang='lat' dir='ltr'><strong>&#39;ec</strong></span> 
     </span>
    </p>
   </div>
   <div class='ocr_carea' id='block_1_2' title="bbox 309 505 1493 2400">
    <p class='ocr_par' dir='ltr' id='par_1_2' title="bbox 309 505 1493 2400">
     <span class='ocr_line' id='line_1_2' title="bbox 315 505 1492 602; baseline -0.001 -32"><span class='ocrx_word' id='word_1_2' title='bbox 315 509 421 570; x_wconf 89' lang='lat' dir='ltr'><strong>masia</strong></span> <span class='ocrx_word' id='word_1_3' title='bbox 447 509 543 588; x_wconf 85' lang='lat' dir='ltr'><strong>inest,</strong></span> <span class='ocrx_word' id='word_1_4' title='bbox 566 510 650 582; x_wconf 84' lang='lat' dir='ltr'><strong>quod</strong></span> <span class='ocrx_word' id='word_1_5' title='bbox 672 509 789 570; x_wconf 90' lang='lat' dir='ltr'><strong>iniuria</strong></span> <span class='ocrx_word' id='word_1_6' title='bbox 811 505 844 569; x_wconf 91' lang='lat' dir='ltr'><strong>ni</strong></span> <span class='ocrx_word' id='word_1_7' title='bbox 868 509 962 570; x_wconf 85' lang='lat' dir='ltr'><strong>fallor</strong></span> <span class='ocrx_word' id='word_1_8' title='bbox 985 509 1117 597; x_wconf 74' lang='lat' dir='ltr'><strong>Montijn</strong></span> <span class='ocrx_word' id='word_1_9' title='bbox 1142 509 1283 596; x_wconf 74' lang='lat' dir='ltr'><strong>(Quaett.</strong></span> <span class='ocrx_word' id='word_1_10' title='bbox 1309 510 1342 569; x_wconf 90' lang='lat' dir='ltr'><strong>et</strong></span> <span class='ocrx_word' id='word_1_11' title='bbox 1365 507 1492 602; x_wconf 60' lang='lat' dir='ltr'><strong>Expiip.</strong></span> 
     </span>
     <span class='ocr_line' id='line_1_3' title="bbox 315 620 1491 700; baseline -0.002 -16"><span class='ocrx_word' id='word_1_12' title='bbox 315 625 397 684; x_wconf 86' lang='lat' dir='ltr'><strong>Plat.</strong></span> <span class='ocrx_word' id='word_1_13' title='bbox 421 623 517 692; x_wconf 86' lang='grc'>1864)</span> <span class='ocrx_word' id='word_1_14' title='bbox 536 622 667 696; x_wconf 79' lang='lat' dir='ltr'><strong>negavit</strong></span> <span class='ocrx_word' id='word_1_15' title='bbox 687 622 862 682; x_wconf 80' lang='lat' dir='ltr'><strong>arbitratus</strong></span> <span class='ocrx_word' id='word_1_16' title='bbox 878 622 961 682; x_wconf 91' lang='lat' dir='ltr'><strong>hanc</strong></span> <span class='ocrx_word' id='word_1_17' title='bbox 972 620 1110 696; x_wconf 83' lang='lat' dir='ltr'><strong>figuram</strong></span> <span class='ocrx_word' id='word_1_18' title='bbox 1124 623 1254 683; x_wconf 88' lang='lat' dir='ltr'><strong>tantum</strong></span> <span class='ocrx_word' id='word_1_19' title='bbox 1268 622 1491 700; x_wconf 77' lang='lat' dir='ltr'>sophistarum</span> 
     </span>
     <span class='ocr_line' id='line_1_4' title="bbox 313 735 1491 824; baseline 0 -28"><span class='ocrx_word' id='word_1_20' title='bbox 313 736 516 797; x_wconf 86' lang='lat' dir='ltr'><strong>ridendorum</strong></span> <span class='ocrx_word' id='word_1_21' title='bbox 541 750 641 794; x_wconf 90' lang='lat' dir='ltr'><strong>causa</strong></span> <span class='ocrx_word' id='word_1_22' title='bbox 663 750 683 794; x_wconf 93' lang='lat' dir='ltr'><strong>a</strong></span> <span class='ocrx_word' id='word_1_23' title='bbox 706 735 839 796; x_wconf 90' lang='lat' dir='ltr'><strong>Platone</strong></span> <span class='ocrx_word' id='word_1_24' title='bbox 860 735 1048 797; x_wconf 84' lang='lat' dir='ltr'><strong>adhibitam.</strong></span> <span class='ocrx_word' id='word_1_25' title='bbox 1069 735 1115 795; x_wconf 89' lang='lat' dir='ltr'><strong>De</strong></span> <span class='ocrx_word' id='word_1_26' title='bbox 1136 735 1210 824; x_wconf 83' lang='lat' dir='ltr'><strong>lusu</strong></span> <span class='ocrx_word' id='word_1_27' title='bbox 1230 735 1403 795; x_wconf 89' lang='lat' dir='ltr'><strong>verborum</strong></span> <span class='ocrx_word' id='word_1_28' title='bbox 1424 736 1491 796; x_wconf 88' lang='lat' dir='ltr'><strong>vid.</strong></span> 
     </span>
     <span class='ocr_line' id='line_1_5' title="bbox 313 825 1491 926; baseline -0.002 -16"><span class='ocrx_word' id='word_1_29' title='bbox 313 851 353 910; x_wconf 94' lang='lat' dir='ltr'><strong>ad</strong></span> <span class='ocrx_word' id='word_1_30' title='bbox 378 851 441 911; x_wconf 89' lang='grc'><strong>363</strong></span> <span class='ocrx_word' id='word_1_31' title='bbox 454 849 490 910; x_wconf 89' lang='grc' dir='ltr'><strong>Ι).</strong></span> <span class='ocrx_word' id='word_1_32' title='bbox 516 882 556 892; x_wconf 88' lang='grc'>-</span> <span class='ocrx_word' id='word_1_33' title='bbox 579 825 647 911; x_wconf 77' lang='lat' dir='ltr'><strong>Sec.</strong></span> <span class='ocrx_word' id='word_1_34' title='bbox 669 849 824 910; x_wconf 81' lang='lat' dir='ltr'><strong>Oobetum</strong></span> <span class='ocrx_word' id='word_1_35' title='bbox 845 850 916 910; x_wconf 91' lang='lat' dir='ltr'><strong>Par.</strong></span> <span class='ocrx_word' id='word_1_36' title='bbox 937 841 979 910; x_wconf 84' lang='lat' dir='ltr'><strong>A¹</strong></span> <span class='ocrx_word' id='word_1_37' title='bbox 1001 849 1066 920; x_wconf 85' lang='lat' dir='ltr'><strong>(iol.</strong></span> <span class='ocrx_word' id='word_1_38' title='bbox 1088 849 1141 920; x_wconf 81' lang='lat'><strong>21)</strong></span> <span class='ocrx_word' id='word_1_39' title='bbox 1161 849 1294 924; x_wconf 89' lang='lat' dir='ltr'><strong>praebet</strong></span> <span class='ocrx_word' id='word_1_40' title='bbox 1314 848 1491 926; x_wconf 76' lang='grc' dir='ltr'><em>διωκαθεῐν,</em></span> 
     </span>
     <span class='ocr_line' id='line_1_6' title="bbox 312 961 1493 1045; baseline -0.003 -21"><span class='ocrx_word' id='word_1_41' title='bbox 312 964 396 1037; x_wconf 88' lang='lat' dir='ltr'><strong>quod</strong></span> <span class='ocrx_word' id='word_1_42' title='bbox 426 963 590 1024; x_wconf 86' lang='lat' dir='ltr'><strong>Herwerd.</strong></span> <span class='ocrx_word' id='word_1_43' title='bbox 622 978 748 1037; x_wconf 87' lang='lat' dir='ltr'><strong>quoque</strong></span> <span class='ocrx_word' id='word_1_44' title='bbox 778 964 865 1024; x_wconf 90' lang='lat' dir='ltr'><strong>recte</strong></span> <span class='ocrx_word' id='word_1_45' title='bbox 895 963 1038 1035; x_wconf 89' lang='lat' dir='ltr'><strong>requirit.</strong></span> <span class='ocrx_word' id='word_1_46' title='bbox 1071 963 1146 1022; x_wconf 83' lang='lat' dir='ltr'><strong>Mox</strong></span> <span class='ocrx_word' id='word_1_47' title='bbox 1168 965 1255 1024; x_wconf 90' lang='lat' dir='ltr'><strong>recte</strong></span> <span class='ocrx_word' id='word_1_48' title='bbox 1278 963 1389 1022; x_wconf 85' lang='lat' dir='ltr'><strong>Baiter</strong></span> <span class='ocrx_word' id='word_1_49' title='bbox 1413 961 1493 1045; x_wconf 73' lang='grc' dir='ltr'><em>ζῷον</em></span> 
     </span>
     <span class='ocr_line' id='line_1_7' title="bbox 312 1075 1491 1170; baseline -0.002 -33"><span class='ocrx_word' id='word_1_50' title='bbox 312 1092 367 1151; x_wconf 89' lang='lat' dir='ltr'><strong>pro</strong></span> <span class='ocrx_word' id='word_1_51' title='bbox 399 1077 473 1148; x_wconf 80' lang='grc' dir='ltr'><em>ζῶον</em></span> <span class='ocrx_word' id='word_1_52' title='bbox 506 1077 613 1153; x_wconf 84' lang='lat' dir='ltr'><strong>edidit,</strong></span> <span class='ocrx_word' id='word_1_53' title='bbox 645 1077 731 1137; x_wconf 88' lang='lat' dir='ltr'><strong>sicut</strong></span> <span class='ocrx_word' id='word_1_54' title='bbox 761 1077 832 1150; x_wconf 87' lang='lat' dir='ltr'><strong>ipse</strong></span> <span class='ocrx_word' id='word_1_55' title='bbox 861 1077 932 1137; x_wconf 86' lang='lat' dir='ltr'><strong>Par.</strong></span> <span class='ocrx_word' id='word_1_56' title='bbox 965 1078 994 1136; x_wconf 82' lang='lat' dir='ltr'>A</span> <span class='ocrx_word' id='word_1_57' title='bbox 1024 1077 1076 1137; x_wconf 88' lang='lat' dir='ltr'><strong>hio</strong></span> <span class='ocrx_word' id='word_1_58' title='bbox 1098 1077 1165 1138; x_wconf 88' lang='lat' dir='ltr'><strong>illic</strong></span> <span class='ocrx_word' id='word_1_59' title='bbox 1188 1080 1229 1151; x_wconf 80' lang='lat' dir='ltr'><strong>(p.</strong></span> <span class='ocrx_word' id='word_1_60' title='bbox 1254 1076 1357 1170; x_wconf 24' lang='lat'>4‘01&#39;13</span> <span class='ocrx_word' id='word_1_61' title='bbox 1382 1075 1491 1168; x_wconf 67' lang='grc' dir='ltr'><em>ζώνων)</em></span> 
     </span>
     <span class='ocr_line' id='line_1_8' title="bbox 312 1181 1489 1266; baseline -0.003 -15"><span class='ocrx_word' id='word_1_62' title='bbox 312 1192 452 1252; x_wconf 82' lang='lat' dir='ltr'><strong>exhibet.</strong></span> <span class='ocrx_word' id='word_1_63' title='bbox 484 1191 554 1252; x_wconf 85' lang='lat' dir='ltr'><strong>Vid.</strong></span> <span class='ocrx_word' id='word_1_64' title='bbox 580 1191 687 1264; x_wconf 78' lang='lat' dir='ltr'><strong>atym.</strong></span> <span class='ocrx_word' id='word_1_65' title='bbox 711 1189 794 1264; x_wconf 79' lang='lat' dir='ltr'><strong>Mag.</strong></span> <span class='ocrx_word' id='word_1_66' title='bbox 818 1191 892 1250; x_wconf 84' lang='lat'><strong>413.</strong></span> <span class='ocrx_word' id='word_1_67' title='bbox 921 1192 971 1266; x_wconf 81' lang='lat'><strong>17,</strong></span> <span class='ocrx_word' id='word_1_68' title='bbox 997 1190 1171 1251; x_wconf 79' lang='lat' dir='ltr'><strong>Simonidis</strong></span> <span class='ocrx_word' id='word_1_69' title='bbox 1194 1191 1309 1263; x_wconf 80' lang='lat' dir='ltr'><strong>fragm.</strong></span> <span class='ocrx_word' id='word_1_70' title='bbox 1335 1181 1401 1249; x_wconf 79' lang='grc' dir='ltr'><em>οἷον</em></span> <span class='ocrx_word' id='word_1_71' title='bbox 1424 1185 1489 1250; x_wconf 79' lang='grc' dir='ltr'>τόδ’</span> 
     </span>
     <span class='ocr_line' id='line_1_9' title="bbox 311 1275 1492 1384; baseline 0.001 -21"><span class='ocrx_word' id='word_1_72' title='bbox 311 1300 383 1382; x_wconf 78' lang='grc' dir='ltr'><em>ἡμῖν</em></span> <span class='ocrx_word' id='word_1_73' title='bbox 418 1301 538 1382; x_wconf 58' lang='lat' dir='ltr'><strong>Seuerou</strong></span> <span class='ocrx_word' id='word_1_74' title='bbox 573 1301 740 1382; x_wconf 74' lang='grc' dir='ltr'><em>παρέπτοιτο</em></span> <span class='ocrx_word' id='word_1_75' title='bbox 779 1295 783 1383; x_wconf 58' lang='grc' dir='ltr'>Ι</span> <span class='ocrx_word' id='word_1_76' title='bbox 824 1303 910 1375; x_wconf 82' lang='grc' dir='ltr'><em>ζώιον</em></span> <span class='ocrx_word' id='word_1_77' title='bbox 946 1303 1093 1363; x_wconf 81' lang='grc' dir='ltr'><em>κάκιστον.</em></span> <span class='ocrx_word' id='word_1_78' title='bbox 1130 1303 1212 1365; x_wconf 70' lang='lat' dir='ltr'><strong>(ilar.</strong></span> <span class='ocrx_word' id='word_1_79' title='bbox 1244 1305 1272 1364; x_wconf 90' lang='lat' dir='ltr'><strong>J.</strong></span> <span class='ocrx_word' id='word_1_80' title='bbox 1305 1304 1351 1366; x_wconf 84' lang='lat' dir='ltr'><strong>La</strong></span> <span class='ocrx_word' id='word_1_81' title='bbox 1381 1275 1492 1384; x_wconf 74' lang='lat' dir='ltr'><strong>Ruche</strong></span> 
     </span>
     <span class='ocr_line' id='line_1_10' title="bbox 312 1389 1492 1492; baseline 0 -14"><span class='ocrx_word' id='word_1_82' title='bbox 312 1419 419 1489; x_wconf 69' lang='lat' dir='ltr'><strong>(Zeita</strong></span> <span class='ocrx_word' id='word_1_83' title='bbox 452 1418 473 1478; x_wconf 88' lang='lat' dir='ltr'><strong>i.</strong></span> <span class='ocrx_word' id='word_1_84' title='bbox 506 1419 618 1478; x_wconf 83' lang='lat' dir='ltr'><strong>deterr.</strong></span> <span class='ocrx_word' id='word_1_85' title='bbox 652 1417 768 1492; x_wconf 81' lang='lat' dir='ltr'><strong>Gymn.</strong></span> <span class='ocrx_word' id='word_1_86' title='bbox 796 1395 880 1477; x_wconf 77' lang='grc'><strong>1835</strong></span> <span class='ocrx_word' id='word_1_87' title='bbox 904 1433 934 1492; x_wconf 94' lang='lat' dir='ltr'><strong>p.</strong></span> <span class='ocrx_word' id='word_1_88' title='bbox 960 1418 1002 1476; x_wconf 84' lang='lat'><strong>89</strong></span> <span class='ocrx_word' id='word_1_89' title='bbox 1026 1420 1086 1489; x_wconf 83' lang='lat' dir='ltr'><strong>sq.)</strong></span> <span class='ocrx_word' id='word_1_90' title='bbox 1110 1416 1265 1476; x_wconf 88' lang='lat' dir='ltr'><strong>nonnulla</strong></span> <span class='ocrx_word' id='word_1_91' title='bbox 1287 1389 1427 1479; x_wconf 87' lang='lat' dir='ltr'><strong>iucunde</strong></span> <span class='ocrx_word' id='word_1_92' title='bbox 1451 1418 1492 1478; x_wconf 89' lang='lat' dir='ltr'><strong>de</strong></span> 
     </span>
     <span class='ocr_line' id='line_1_11' title="bbox 311 1507 1489 1606; baseline 0 -16"><span class='ocrx_word' id='word_1_93' title='bbox 311 1533 381 1592; x_wconf 90' lang='lat' dir='ltr'><strong>Iota</strong></span> <span class='ocrx_word' id='word_1_94' title='bbox 412 1532 592 1606; x_wconf 89' lang='lat' dir='ltr'><strong>subscripto</strong></span> <span class='ocrx_word' id='word_1_95' title='bbox 616 1532 785 1606; x_wconf 88' lang='lat' dir='ltr'><strong>disputans</strong></span> <span class='ocrx_word' id='word_1_96' title='bbox 808 1531 946 1590; x_wconf 86' lang='lat' dir='ltr'><strong>contulit</strong></span> <span class='ocrx_word' id='word_1_97' title='bbox 968 1530 1210 1603; x_wconf 79' lang='lat' dir='ltr'><strong>rueognosrum</strong></span> <span class='ocrx_word' id='word_1_98' title='bbox 1235 1528 1309 1590; x_wconf 82' lang='lat' dir='ltr'><strong>Gan.</strong></span> <span class='ocrx_word' id='word_1_99' title='bbox 1337 1531 1411 1590; x_wconf 79' lang='lat'><strong>130.</strong></span> <span class='ocrx_word' id='word_1_100' title='bbox 1427 1507 1489 1606; x_wconf 48' lang='lat'><strong>²15,</strong></span> 
     </span>
     <span class='ocr_line' id='line_1_12' title="bbox 310 1617 1491 1722; baseline 0 -18"><span class='ocrx_word' id='word_1_101' title='bbox 310 1645 418 1718; x_wconf 80' lang='lat' dir='ltr'><strong>atym.</strong></span> <span class='ocrx_word' id='word_1_102' title='bbox 442 1645 482 1705; x_wconf 89' lang='lat' dir='ltr'><strong>u.</strong></span> <span class='ocrx_word' id='word_1_103' title='bbox 504 1645 578 1705; x_wconf 83' lang='lat'><strong>413.</strong></span> <span class='ocrx_word' id='word_1_104' title='bbox 602 1646 652 1722; x_wconf 82' lang='lat'><strong>14,</strong></span> <span class='ocrx_word' id='word_1_105' title='bbox 674 1646 812 1704; x_wconf 78' lang='lat' dir='ltr'><strong>Aratum</strong></span> <span class='ocrx_word' id='word_1_106' title='bbox 828 1645 897 1710; x_wconf 72' lang='grc'><strong>,544</strong></span> <span class='ocrx_word' id='word_1_107' title='bbox 918 1643 1035 1714; x_wconf 67' lang='grc' dir='ltr'><em>φονον</em></span> <span class='ocrx_word' id='word_1_108' title='bbox 1056 1640 1088 1700; x_wconf 71' lang='grc' dir='ltr'><em>ον</em></span> <span class='ocrx_word' id='word_1_109' title='bbox 1108 1640 1121 1701; x_wconf 76' lang='lat' dir='ltr'><strong>r</strong></span> <span class='ocrx_word' id='word_1_110' title='bbox 1142 1643 1251 1703; x_wconf 66' lang='grc' dir='ltr'><em>κύκνον</em></span> <span class='ocrx_word' id='word_1_111' title='bbox 1272 1646 1332 1718; x_wconf 70' lang='grc' dir='ltr'><strong>κν,</strong></span> <span class='ocrx_word' id='word_1_112' title='bbox 1350 1617 1491 1718; x_wconf 75' lang='lat' dir='ltr'><strong>dentque</strong></span> 
     </span>
     <span class='ocr_line' id='line_1_13' title="bbox 310 1757 1490 1833; baseline 0.002 -17"><span class='ocrx_word' id='word_1_113' title='bbox 310 1759 546 1833; x_wconf 86' lang='lat' dir='ltr'><strong>inscriptiones,</strong></span> <span class='ocrx_word' id='word_1_114' title='bbox 577 1758 631 1817; x_wconf 92' lang='lat' dir='ltr'><strong>ubi</strong></span> <span class='ocrx_word' id='word_1_115' title='bbox 658 1757 737 1817; x_wconf 89' lang='lat' dir='ltr'><strong>iliud</strong></span> <span class='ocrx_word' id='word_1_116' title='bbox 761 1757 828 1817; x_wconf 90' lang='lat' dir='ltr'><strong>iota</strong></span> <span class='ocrx_word' id='word_1_117' title='bbox 852 1758 972 1826; x_wconf 85' lang='grc' dir='ltr'>(ΖΟΙΑ.</span> <span class='ocrx_word' id='word_1_118' title='bbox 998 1757 1114 1827; x_wconf 70' lang='lat' dir='ltr'><strong>zara)</strong></span> <span class='ocrx_word' id='word_1_119' title='bbox 1142 1758 1244 1818; x_wconf 89' lang='lat' dir='ltr'><strong>adest.</strong></span> <span class='ocrx_word' id='word_1_120' title='bbox 1269 1757 1361 1817; x_wconf 85' lang='lat' dir='ltr'><strong>Multi</strong></span> <span class='ocrx_word' id='word_1_121' title='bbox 1385 1759 1490 1818; x_wconf 89' lang='lat' dir='ltr'><strong>etiam</strong></span> 
     </span>
     <span class='ocr_line' id='line_1_14' title="bbox 312 1861 1490 1955; baseline 0 -26"><span class='ocrx_word' id='word_1_122' title='bbox 312 1870 465 1955; x_wconf 80' lang='grc' dir='ltr'><em>ζῳγράφος</em></span> <span class='ocrx_word' id='word_1_123' title='bbox 499 1871 644 1931; x_wconf 79' lang='lat' dir='ltr'><strong>scribunt</strong></span> <span class='ocrx_word' id='word_1_124' title='bbox 678 1862 798 1944; x_wconf 77' lang='lat' dir='ltr'><strong>Etym¹.</strong></span> <span class='ocrx_word' id='word_1_125' title='bbox 830 1861 882 1929; x_wconf 85' lang='lat' dir='ltr'><strong>M¹.</strong></span> <span class='ocrx_word' id='word_1_126' title='bbox 916 1868 1004 1947; x_wconf 76' lang='lat'><strong>(413,</strong></span> <span class='ocrx_word' id='word_1_127' title='bbox 1041 1873 1059 1928; x_wconf 81' lang='lat'><strong>2</strong></span> <span class='ocrx_word' id='word_1_128' title='bbox 1095 1868 1127 1930; x_wconf 82' lang='grc' dir='ltr'><strong>τὸ</strong></span> <span class='ocrx_word' id='word_1_129' title='bbox 1162 1870 1334 1950; x_wconf 84' lang='grc' dir='ltr'><em>ζωογράφος</em></span> <span class='ocrx_word' id='word_1_130' title='bbox 1368 1879 1490 1949; x_wconf 75' lang='grc' dir='ltr'><em>πρῶτον</em></span> 
     </span>
     <span class='ocr_line' id='line_1_15' title="bbox 311 1980 1491 2064; baseline 0.001 -22"><span class='ocrx_word' id='word_1_131' title='bbox 311 1981 471 2061; x_wconf 74' lang='grc' dir='ltr'><em>ἀποβάλλει</em></span> <span class='ocrx_word' id='word_1_132' title='bbox 492 1981 525 2042; x_wconf 84' lang='grc' dir='ltr'><strong>τὸ</strong></span> <span class='ocrx_word' id='word_1_133' title='bbox 549 1998 568 2059; x_wconf 92' lang='grc' dir='ltr'><strong>ῑ,</strong></span> <span class='ocrx_word' id='word_1_134' title='bbox 591 1980 641 2041; x_wconf 77' lang='lat' dir='ltr'><strong>aui</strong></span> <span class='ocrx_word' id='word_1_135' title='bbox 664 1982 740 2042; x_wconf 75' lang='grc' dir='ltr'><em>οὕτω</em></span> <span class='ocrx_word' id='word_1_136' title='bbox 763 1986 847 2042; x_wconf 79' lang='grc' dir='ltr'><em>ποιεῖ</em></span> <span class='ocrx_word' id='word_1_137' title='bbox 864 1981 918 2060; x_wconf 76' lang='grc' dir='ltr'><strong>τὴν</strong></span> <span class='ocrx_word' id='word_1_138' title='bbox 942 1991 1047 2062; x_wconf 79' lang='grc' dir='ltr'><em>κρᾶσιν</em></span> <span class='ocrx_word' id='word_1_139' title='bbox 1069 1992 1123 2042; x_wconf 84' lang='grc' dir='ltr'><em>τοῦ</em></span> <span class='ocrx_word' id='word_1_140' title='bbox 1148 1997 1170 2043; x_wconf 83' lang='grc' dir='ltr'>ῶ</span> <span class='ocrx_word' id='word_1_141' title='bbox 1189 1980 1240 2043; x_wconf 81' lang='grc' dir='ltr'><strong>καὶ</strong></span> <span class='ocrx_word' id='word_1_142' title='bbox 1259 1994 1276 2043; x_wconf 80' lang='lat' dir='ltr'><strong>d</strong></span> <span class='ocrx_word' id='word_1_143' title='bbox 1296 1983 1336 2054; x_wconf 81' lang='grc' dir='ltr'><strong>εἰς</strong></span> <span class='ocrx_word' id='word_1_144' title='bbox 1358 1997 1381 2043; x_wconf 76' lang='lat' dir='ltr'><strong>d&gt;</strong></span> <span class='ocrx_word' id='word_1_145' title='bbox 1400 1981 1491 2064; x_wconf 69' lang='grc' dir='ltr'><em>χωρὶς</em></span> 
     </span>
     <span class='ocr_line' id='line_1_16' title="bbox 309 2073 1492 2176; baseline 0.003 -21"><span class='ocrx_word' id='word_1_146' title='bbox 309 2105 361 2156; x_wconf 74' lang='grc' dir='ltr'><em>τοῦ</em></span> <span class='ocrx_word' id='word_1_147' title='bbox 393 2095 415 2174; x_wconf 81' lang='lat' dir='ltr'><strong>z)</strong></span> <span class='ocrx_word' id='word_1_148' title='bbox 448 2096 546 2157; x_wconf 89' lang='lat' dir='ltr'><strong>verba</strong></span> <span class='ocrx_word' id='word_1_149' title='bbox 575 2112 639 2157; x_wconf 89' lang='lat' dir='ltr'><strong>nou</strong></span> <span class='ocrx_word' id='word_1_150' title='bbox 673 2097 769 2157; x_wconf 86' lang='lat' dir='ltr'><strong>nauci</strong></span> <span class='ocrx_word' id='word_1_151' title='bbox 800 2097 967 2158; x_wconf 86' lang='lat' dir='ltr'><strong>facientes.</strong></span> <span class='ocrx_word' id='word_1_152' title='bbox 1000 2098 1210 2158; x_wconf 72' lang='lat' dir='ltr'><strong>scribendum</strong></span> <span class='ocrx_word' id='word_1_153' title='bbox 1241 2099 1292 2158; x_wconf 89' lang='lat' dir='ltr'><strong>est</strong></span> <span class='ocrx_word' id='word_1_154' title='bbox 1322 2073 1492 2176; x_wconf 79' lang='grc' dir='ltr'><em>ζωγράφος,</em></span> 
     </span>
     <span class='ocr_line' id='line_1_17' title="bbox 309 2205 1491 2294; baseline -0.001 -23"><span class='ocrx_word' id='word_1_155' title='bbox 309 2226 384 2271; x_wconf 82' lang='lat' dir='ltr'><strong>nam</strong></span> <span class='ocrx_word' id='word_1_156' title='bbox 410 2225 451 2270; x_wconf 83' lang='lat' dir='ltr'><strong>ex</strong></span> <span class='ocrx_word' id='word_1_157' title='bbox 475 2209 530 2293; x_wconf 82' lang='grc' dir='ltr'><em>ζῳο</em></span> <span class='ocrx_word' id='word_1_158' title='bbox 554 2209 591 2269; x_wconf 83' lang='lat' dir='ltr'><strong>fit</strong></span> <span class='ocrx_word' id='word_1_159' title='bbox 614 2210 662 2286; x_wconf 84' lang='grc' dir='ltr'><strong>ζω,</strong></span> <span class='ocrx_word' id='word_1_160' title='bbox 685 2211 769 2269; x_wconf 80' lang='lat' dir='ltr'><strong>Sicut</strong></span> <span class='ocrx_word' id='word_1_161' title='bbox 792 2219 830 2292; x_wconf 79' lang='grc' dir='ltr'><strong>τῷ</strong></span> <span class='ocrx_word' id='word_1_162' title='bbox 851 2207 910 2293; x_wconf 75' lang='grc' dir='ltr'><strong>ἐμῷ</strong></span> <span class='ocrx_word' id='word_1_163' title='bbox 930 2210 967 2269; x_wconf 84' lang='lat' dir='ltr'><strong>fit</strong></span> <span class='ocrx_word' id='word_1_164' title='bbox 986 2205 1082 2294; x_wconf 74' lang='grc' dir='ltr'><em>τώμῷ,</em></span> <span class='ocrx_word' id='word_1_165' title='bbox 1100 2207 1151 2268; x_wconf 82' lang='grc' dir='ltr'><strong>καὶ</strong></span> <span class='ocrx_word' id='word_1_166' title='bbox 1170 2207 1225 2290; x_wconf 80' lang='grc' dir='ltr'><strong>ἐγὼ</strong></span> <span class='ocrx_word' id='word_1_167' title='bbox 1245 2207 1336 2290; x_wconf 79' lang='grc' dir='ltr'><em>κάγώ,</em></span> <span class='ocrx_word' id='word_1_168' title='bbox 1355 2209 1387 2269; x_wconf 79' lang='grc' dir='ltr'><em>οἱ</em></span> <span class='ocrx_word' id='word_1_169' title='bbox 1404 2208 1491 2271; x_wconf 74' lang='lat' dir='ltr'><strong>ditor</strong></span> 
     </span>
     <span class='ocr_line' id='line_1_18' title="bbox 311 2316 1490 2400; baseline 0.003 -17"><span class='ocrx_word' id='word_1_170' title='bbox 311 2316 407 2399; x_wconf 69' lang='lat' dir='ltr'><strong>bitot,</strong></span> <span class='ocrx_word' id='word_1_171' title='bbox 429 2325 489 2385; x_wconf 89' lang='lat' dir='ltr'><strong>eto.</strong></span> <span class='ocrx_word' id='word_1_172' title='bbox 513 2326 551 2383; x_wconf 89' lang='lat' dir='ltr'><strong>Iu</strong></span> <span class='ocrx_word' id='word_1_173' title='bbox 575 2323 649 2384; x_wconf 85' lang='lat' dir='ltr'><strong>voli.</strong></span> <span class='ocrx_word' id='word_1_174' title='bbox 675 2324 846 2386; x_wconf 81' lang='lat' dir='ltr'><strong>Herodian.</strong></span> <span class='ocrx_word' id='word_1_175' title='bbox 872 2324 954 2395; x_wconf 84' lang='grc' dir='ltr'><em>ζοων</em></span> <span class='ocrx_word' id='word_1_176' title='bbox 978 2325 1048 2385; x_wconf 91' lang='lat' dir='ltr'><strong>sine</strong></span> <span class='ocrx_word' id='word_1_177' title='bbox 1072 2347 1083 2382; x_wconf 85' lang='grc' dir='ltr'><em>ν</em></span> <span class='ocrx_word' id='word_1_178' title='bbox 1107 2325 1274 2399; x_wconf 91' lang='lat' dir='ltr'><strong>reperitur.</strong></span> <span class='ocrx_word' id='word_1_179' title='bbox 1298 2326 1364 2399; x_wconf 78' lang='lat' dir='ltr'><strong>Ego</strong></span> <span class='ocrx_word' id='word_1_180' title='bbox 1386 2327 1490 2400; x_wconf 90' lang='lat' dir='ltr'><strong>probo</strong></span> 
     </span>
    </p>
   </div>
   <div class='ocr_carea' id='block_1_3' title="bbox 262 2429 1616 2522">
    <p class='ocr_par' dir='ltr' id='par_1_3' title="bbox 262 2429 1616 2522">
     <span class='ocr_line' id='line_1_19' title="bbox 262 2429 1616 2522; baseline 0.001 -26"><span class='ocrx_word' id='word_1_181' title='bbox 262 2446 287 2509; x_wconf 77' lang='grc' dir='ltr'>Β</span> <span class='ocrx_word' id='word_1_182' title='bbox 312 2438 370 2498; x_wconf 87' lang='lat' dir='ltr'><strong>bas</strong></span> <span class='ocrx_word' id='word_1_183' title='bbox 394 2439 571 2512; x_wconf 89' lang='lat' dir='ltr'><strong>scripturas</strong></span> <span class='ocrx_word' id='word_1_184' title='bbox 595 2453 645 2511; x_wconf 93' lang='lat' dir='ltr'><strong>ap.</strong></span> <span class='ocrx_word' id='word_1_185' title='bbox 670 2437 856 2497; x_wconf 88' lang='lat' dir='ltr'><strong>Platonem:</strong></span> <span class='ocrx_word' id='word_1_186' title='bbox 882 2438 967 2520; x_wconf 76' lang='grc' dir='ltr'><em>ζῷον,</em></span> <span class='ocrx_word' id='word_1_187' title='bbox 990 2437 1106 2520; x_wconf 76' lang='grc' dir='ltr'><em>ζῴδιον,</em></span> <span class='ocrx_word' id='word_1_188' title='bbox 1130 2437 1291 2517; x_wconf 80' lang='grc' dir='ltr'><em>ζωγράφος.</em></span> <span class='ocrx_word' id='word_1_189' title='bbox 1313 2429 1333 2522; x_wconf 83' lang='grc' dir='ltr'><strong>ΙΙ</strong></span> <span class='ocrx_word' id='word_1_190' title='bbox 1353 2439 1434 2500; x_wconf 88' lang='lat' dir='ltr'><strong>Ven.</strong></span> <span class='ocrx_word' id='word_1_191' title='bbox 1458 2442 1493 2498; x_wconf 90' lang='grc' dir='ltr'><strong>Π</strong></span> <span class='ocrx_word' id='word_1_192' title='bbox 1615 2459 1616 2470; x_wconf 57' lang='grc'>’</span> 
     </span>
    </p>
   </div>
   <div class='ocr_carea' id='block_1_4' title="bbox 261 2547 1560 2860">
    <p class='ocr_par' dir='ltr' id='par_1_4' title="bbox 261 2547 1560 2860">
     <span class='ocr_line' id='line_1_20' title="bbox 313 2547 1560 2630; baseline 0.002 -20"><span class='ocrx_word' id='word_1_193' title='bbox 313 2551 443 2612; x_wconf 85' lang='lat' dir='ltr'><strong>exhibet</strong></span> <span class='ocrx_word' id='word_1_194' title='bbox 473 2548 589 2629; x_wconf 74' lang='grc' dir='ltr'><em>ἄφοβός</em></span> <span class='ocrx_word' id='word_1_195' title='bbox 620 2572 649 2610; x_wconf 81' lang='grc' dir='ltr'><strong>τε</strong></span> <span class='ocrx_word' id='word_1_196' title='bbox 675 2547 725 2610; x_wconf 80' lang='grc' dir='ltr'><strong>καὶ</strong></span> <span class='ocrx_word' id='word_1_197' title='bbox 749 2548 888 2628; x_wconf 67' lang='grc' dir='ltr'><em>ἀήττητος</em></span> <span class='ocrx_word' id='word_1_198' title='bbox 911 2552 1033 2612; x_wconf 89' lang='lat' dir='ltr'><strong>omisso</strong></span> <span class='ocrx_word' id='word_1_199' title='bbox 1058 2549 1116 2610; x_wconf 80' lang='lat' dir='ltr'><strong>e’ou</strong></span> <span class='ocrx_word' id='word_1_200' title='bbox 1140 2549 1360 2630; x_wconf 84' lang='lat' dir='ltr'><strong>(probantibus</strong></span> <span class='ocrx_word' id='word_1_201' title='bbox 1384 2553 1489 2615; x_wconf 90' lang='lat' dir='ltr'><strong>Bekk.</strong></span> <span class='ocrx_word' id='word_1_202' title='bbox 1557 2559 1560 2564; x_wconf 74' lang='grc'>“</span> 
     </span>
     <span class='ocr_line' id='line_1_21' title="bbox 312 2660 1486 2760; baseline 0.001 -36"><span class='ocrx_word' id='word_1_203' title='bbox 312 2667 344 2725; x_wconf 90' lang='lat' dir='ltr'><strong>et</strong></span> <span class='ocrx_word' id='word_1_204' title='bbox 374 2665 488 2735; x_wconf 73' lang='lat' dir='ltr'><strong>Astiot.</strong></span> <span class='ocrx_word' id='word_1_205' title='bbox 521 2664 595 2724; x_wconf 86' lang='lat' dir='ltr'><strong>Mox</strong></span> <span class='ocrx_word' id='word_1_206' title='bbox 626 2667 713 2726; x_wconf 87' lang='lat' dir='ltr'><strong>recte</strong></span> <span class='ocrx_word' id='word_1_207' title='bbox 744 2663 867 2737; x_wconf 87' lang='lat' dir='ltr'><strong>aliquot</strong></span> <span class='ocrx_word' id='word_1_208' title='bbox 890 2665 978 2726; x_wconf 90' lang='lat' dir='ltr'><strong>codd.</strong></span> <span class='ocrx_word' id='word_1_209' title='bbox 1004 2681 1030 2726; x_wconf 89' lang='lat' dir='ltr'><strong>c.</strong></span> <span class='ocrx_word' id='word_1_210' title='bbox 1056 2666 1193 2726; x_wconf 83' lang='lat' dir='ltr'><strong>Stobaeo</strong></span> <span class='ocrx_word' id='word_1_211' title='bbox 1216 2662 1360 2760; x_wconf 70' lang='grc' dir='ltr'><strong>ἀλλήλοιςΙ</strong></span> <span class='ocrx_word' id='word_1_212' title='bbox 1380 2660 1486 2740; x_wconf 79' lang='grc' dir='ltr'>&lt;τ’&gt;</span> 
     </span>
     <span class='ocr_line' id='line_1_22' title="bbox 261 2768 1489 2860; baseline 0.003 -25"><span class='ocrx_word' id='word_1_213' title='bbox 261 2775 424 2850; x_wconf 71' lang='lat' dir='ltr'><strong>cicerem</strong></span> <span class='ocrx_word' id='word_1_214' title='bbox 455 2777 618 2838; x_wconf 85' lang='lat' dir='ltr'><strong>exhibent.</strong></span> <span class='ocrx_word' id='word_1_215' title='bbox 643 2768 663 2860; x_wconf 82' lang='grc' dir='ltr'><strong>ΙΙ</strong></span> <span class='ocrx_word' id='word_1_216' title='bbox 689 2776 770 2837; x_wconf 86' lang='lat' dir='ltr'><strong>(ium</strong></span> <span class='ocrx_word' id='word_1_217' title='bbox 802 2779 913 2852; x_wconf 85' lang='lat' dir='ltr'><strong>paucis</strong></span> <span class='ocrx_word' id='word_1_218' title='bbox 946 2778 1034 2838; x_wconf 91' lang='lat' dir='ltr'><strong>codd.</strong></span> <span class='ocrx_word' id='word_1_219' title='bbox 1067 2779 1137 2852; x_wconf 82' lang='lat' dir='ltr'><strong>lege</strong></span> <span class='ocrx_word' id='word_1_220' title='bbox 1169 2777 1229 2856; x_wconf 77' lang='lat' dir='ltr'><strong>tipo</strong></span> <span class='ocrx_word' id='word_1_221' title='bbox 1259 2777 1356 2858; x_wconf 79' lang='grc' dir='ltr'><em>πρᾶόν</em></span> <span class='ocrx_word' id='word_1_222' title='bbox 1381 2802 1412 2839; x_wconf 78' lang='grc' dir='ltr'><strong>τε</strong></span> <span class='ocrx_word' id='word_1_223' title='bbox 1437 2779 1489 2840; x_wconf 80' lang='grc' dir='ltr'><strong>καὶ</strong></span> 
     </span>
    </p>
   </div>
   <div class='ocr_carea' id='block_1_5' title="bbox 311 2889 1614 2978">
    <p class='ocr_par' dir='ltr' id='par_1_5' title="bbox 311 2889 1614 2978">
     <span class='ocr_line' id='line_1_23' title="bbox 311 2889 1614 2978; baseline 0.005 -30"><span class='ocrx_word' id='word_1_224' title='bbox 311 2891 343 2948; x_wconf 89' lang='lat' dir='ltr'><strong>et</strong></span> <span class='ocrx_word' id='word_1_225' title='bbox 363 2904 440 2949; x_wconf 87' lang='lat' dir='ltr'><strong>mox</strong></span> <span class='ocrx_word' id='word_1_226' title='bbox 460 2890 751 2963; x_wconf 83' lang='lat' dir='ltr'><strong>argumentationis</strong></span> <span class='ocrx_word' id='word_1_227' title='bbox 772 2891 1023 2951; x_wconf 81' lang='lat' dir='ltr'><strong>corroborandae</strong></span> <span class='ocrx_word' id='word_1_228' title='bbox 1043 2907 1143 2952; x_wconf 89' lang='lat' dir='ltr'><strong>causa</strong></span> <span class='ocrx_word' id='word_1_229' title='bbox 1158 2894 1354 2967; x_wconf 87' lang='lat' dir='ltr'><strong>probandam</strong></span> <span class='ocrx_word' id='word_1_230' title='bbox 1368 2909 1490 2978; x_wconf 86' lang='lat' dir='ltr'><strong>censeo</strong></span> <span class='ocrx_word' id='word_1_231' title='bbox 1613 2889 1614 2928; x_wconf 58' lang='lat' dir='ltr'><strong>i</strong></span> 
     </span>
    </p>
   </div>
   <div class='ocr_carea' id='block_1_6' title="bbox 258 2998 1494 4101">
    <p class='ocr_par' dir='ltr' id='par_1_6' title="bbox 258 2998 1494 4101">
     <span class='ocr_line' id='line_1_24' title="bbox 312 2998 1489 3094; baseline 0.005 -32"><span class='ocrx_word' id='word_1_232' title='bbox 312 2998 351 3079; x_wconf 77' lang='lat' dir='ltr'><strong>(e.</strong></span> <span class='ocrx_word' id='word_1_233' title='bbox 375 3000 479 3079; x_wconf 83' lang='lat' dir='ltr'><strong>Astio)</strong></span> <span class='ocrx_word' id='word_1_234' title='bbox 505 3003 633 3063; x_wconf 79' lang='lat' dir='ltr'><strong>Siobaei</strong></span> <span class='ocrx_word' id='word_1_235' title='bbox 656 3003 829 3063; x_wconf 81' lang='lat' dir='ltr'><strong>lectionem</strong></span> <span class='ocrx_word' id='word_1_236' title='bbox 853 3000 926 3062; x_wconf 75' lang='grc' dir='ltr'><strong><em>ἀλλὰ</em></strong></span> <span class='ocrx_word' id='word_1_237' title='bbox 949 3000 1048 3080; x_wconf 83' lang='grc' dir='ltr'><em>μέντοι</em></span> <span class='ocrx_word' id='word_1_238' title='bbox 1068 3005 1180 3065; x_wconf 75' lang='grc' dir='ltr'><em>τούτων</em></span> <span class='ocrx_word' id='word_1_239' title='bbox 1205 3000 1308 3084; x_wconf 91' lang='grc' dir='ltr'><em>&lt;γ’&gt;</em></span> <span class='ocrx_word' id='word_1_240' title='bbox 1332 3003 1489 3094; x_wconf 71' lang='grc' dir='ltr'><em>ὁγοοτέρου.</em></span> 
     </span>
     <span class='ocr_line' id='line_1_25' title="bbox 312 3086 1491 3196; baseline 0.003 -20"><span class='ocrx_word' id='word_1_241' title='bbox 312 3117 372 3176; x_wconf 88' lang='lat' dir='ltr'><strong>Pro</strong></span> <span class='ocrx_word' id='word_1_242' title='bbox 394 3124 485 3175; x_wconf 75' lang='grc' dir='ltr'><strong><em>ταῦτα</em></strong></span> <span class='ocrx_word' id='word_1_243' title='bbox 509 3111 540 3174; x_wconf 82' lang='lat' dir='ltr'><strong>di</strong></span> <span class='ocrx_word' id='word_1_244' title='bbox 553 3114 712 3188; x_wconf 75' lang='grc' dir='ltr'><em>ἀδυνάτοις</em></span> <span class='ocrx_word' id='word_1_245' title='bbox 726 3114 801 3175; x_wconf 71' lang='grc' dir='ltr'><em>ἔοικε</em></span> <span class='ocrx_word' id='word_1_246' title='bbox 816 3116 979 3177; x_wconf 79' lang='lat' dir='ltr'><strong>Heusdius</strong></span> <span class='ocrx_word' id='word_1_247' title='bbox 993 3119 1065 3196; x_wconf 72' lang='lat' dir='ltr'><strong>(ini.</strong></span> <span class='ocrx_word' id='word_1_248' title='bbox 1081 3119 1173 3190; x_wconf 87' lang='lat' dir='ltr'><strong>Phil.)</strong></span> <span class='ocrx_word' id='word_1_249' title='bbox 1193 3121 1381 3193; x_wconf 81' lang='lat' dir='ltr'><strong>requirebat</strong></span> <span class='ocrx_word' id='word_1_250' title='bbox 1394 3086 1491 3180; x_wconf 81' lang='grc' dir='ltr'><em>ταῦτά</em></span> 
     </span>
     <span class='ocr_line' id='line_1_26' title="bbox 311 3225 1491 3309; baseline 0.007 -21"><span class='ocrx_word' id='word_1_251' title='bbox 311 3225 344 3288; x_wconf 79' lang='grc' dir='ltr'><strong>δὲ</strong></span> <span class='ocrx_word' id='word_1_252' title='bbox 372 3225 558 3307; x_wconf 68' lang='lat' dir='ltr'><strong>&lt;depudesco</strong></span> <span class='ocrx_word' id='word_1_253' title='bbox 581 3228 691 3308; x_wconf 76' lang='grc' dir='ltr'><em>ἔχειν&gt;</em></span> <span class='ocrx_word' id='word_1_254' title='bbox 719 3227 746 3288; x_wconf 86' lang='grc' dir='ltr'><strong>ἀ.</strong></span> <span class='ocrx_word' id='word_1_255' title='bbox 770 3227 801 3307; x_wconf 83' lang='grc' dir='ltr'><strong>ἐ,</strong></span> <span class='ocrx_word' id='word_1_256' title='bbox 824 3246 886 3304; x_wconf 88' lang='lat' dir='ltr'><strong>quo</strong></span> <span class='ocrx_word' id='word_1_257' title='bbox 909 3246 973 3290; x_wconf 89' lang='lat' dir='ltr'><strong>nou</strong></span> <span class='ocrx_word' id='word_1_258' title='bbox 996 3246 1077 3305; x_wconf 91' lang='lat' dir='ltr'><strong>opus</strong></span> <span class='ocrx_word' id='word_1_259' title='bbox 1100 3235 1161 3309; x_wconf 86' lang='lat' dir='ltr'><strong>est,</strong></span> <span class='ocrx_word' id='word_1_260' title='bbox 1186 3235 1261 3307; x_wconf 89' lang='lat' dir='ltr'><strong>quia</strong></span> <span class='ocrx_word' id='word_1_261' title='bbox 1283 3241 1374 3292; x_wconf 76' lang='grc' dir='ltr'><em>τοῦτο</em></span> <span class='ocrx_word' id='word_1_262' title='bbox 1399 3235 1491 3296; x_wconf 92' lang='lat' dir='ltr'><strong>idem</strong></span> 
     </span>
     <span class='ocr_line' id='line_1_27' title="bbox 312 3317 1492 3423; baseline 0.005 -21"><span class='ocrx_word' id='word_1_263' title='bbox 312 3343 363 3402; x_wconf 91' lang='lat' dir='ltr'><strong>est</strong></span> <span class='ocrx_word' id='word_1_264' title='bbox 394 3357 431 3401; x_wconf 90' lang='lat' dir='ltr'><strong>ac</strong></span> <span class='ocrx_word' id='word_1_265' title='bbox 461 3350 546 3402; x_wconf 76' lang='grc' dir='ltr'><em>τοῦτο</em></span> <span class='ocrx_word' id='word_1_266' title='bbox 578 3340 609 3421; x_wconf 87' lang='lat' dir='ltr'><strong>(i.</strong></span> <span class='ocrx_word' id='word_1_267' title='bbox 633 3317 662 3404; x_wconf 73' lang='lat' dir='ltr'><strong>e.</strong></span> <span class='ocrx_word' id='word_1_268' title='bbox 694 3342 769 3420; x_wconf 73' lang='grc' dir='ltr'><strong><em>αὕτη</em></strong></span> <span class='ocrx_word' id='word_1_269' title='bbox 799 3338 818 3419; x_wconf 82' lang='grc' dir='ltr'><em>ἡ</em></span> <span class='ocrx_word' id='word_1_270' title='bbox 851 3342 999 3423; x_wconf 62' lang='lat' dir='ltr'><strong>supprior)</strong></span> <span class='ocrx_word' id='word_1_271' title='bbox 1031 3347 1068 3405; x_wconf 88' lang='lat' dir='ltr'><strong>ut</strong></span> <span class='ocrx_word' id='word_1_272' title='bbox 1092 3348 1292 3420; x_wconf 84' lang='lat' dir='ltr'><strong>sexcenties;</strong></span> <span class='ocrx_word' id='word_1_273' title='bbox 1318 3348 1357 3408; x_wconf 86' lang='lat' dir='ltr'><strong>ci.</strong></span> <span class='ocrx_word' id='word_1_274' title='bbox 1382 3349 1492 3408; x_wconf 88' lang='grc' dir='ltr'><strong>38οΒ</strong></span> 
     </span>
     <span class='ocr_line' id='line_1_28' title="bbox 258 3445 1492 3542; baseline 0.006 -28"><span class='ocrx_word' id='word_1_275' title='bbox 258 3460 289 3525; x_wconf 85' lang='grc' dir='ltr'><strong>Ι)</strong></span> <span class='ocrx_word' id='word_1_276' title='bbox 314 3455 372 3516; x_wconf 91' lang='lat' dir='ltr'><strong>ult.</strong></span> <span class='ocrx_word' id='word_1_277' title='bbox 398 3445 417 3538; x_wconf 83' lang='grc' dir='ltr'><strong>ΙΙ</strong></span> <span class='ocrx_word' id='word_1_278' title='bbox 441 3457 525 3530; x_wconf 85' lang='lat' dir='ltr'><strong>Lege</strong></span> <span class='ocrx_word' id='word_1_279' title='bbox 548 3453 656 3533; x_wconf 76' lang='grc' dir='ltr'><em>μενοάν</em></span> <span class='ocrx_word' id='word_1_280' title='bbox 680 3472 736 3531; x_wconf 95' lang='lat' dir='ltr'><strong>pro</strong></span> <span class='ocrx_word' id='word_1_281' title='bbox 759 3450 839 3533; x_wconf 74' lang='grc' dir='ltr'><em>μέντ’</em></span> <span class='ocrx_word' id='word_1_282' title='bbox 866 3453 904 3515; x_wconf 74' lang='grc' dir='ltr'><strong>ἂν</strong></span> <span class='ocrx_word' id='word_1_283' title='bbox 928 3459 961 3518; x_wconf 88' lang='lat' dir='ltr'><strong>et</strong></span> <span class='ocrx_word' id='word_1_284' title='bbox 984 3459 1031 3519; x_wconf 87' lang='lat' dir='ltr'><strong>sic</strong></span> <span class='ocrx_word' id='word_1_285' title='bbox 1055 3461 1182 3536; x_wconf 89' lang='lat' dir='ltr'><strong>ubique,</strong></span> <span class='ocrx_word' id='word_1_286' title='bbox 1207 3461 1282 3534; x_wconf 87' lang='lat' dir='ltr'><strong>quia</strong></span> <span class='ocrx_word' id='word_1_287' title='bbox 1301 3461 1353 3520; x_wconf 90' lang='lat' dir='ltr'><strong>hic</strong></span> <span class='ocrx_word' id='word_1_288' title='bbox 1371 3463 1492 3542; x_wconf 80' lang='lat' dir='ltr'><strong>crusis,</strong></span> 
     </span>
     <span class='ocr_line' id='line_1_29' title="bbox 312 3546 1493 3648; baseline 0.005 -18"><span class='ocrx_word' id='word_1_289' title='bbox 312 3586 376 3630; x_wconf 90' lang='lat' dir='ltr'><strong>non</strong></span> <span class='ocrx_word' id='word_1_290' title='bbox 407 3570 497 3630; x_wconf 88' lang='lat' dir='ltr'><strong>elisio</strong></span> <span class='ocrx_word' id='word_1_291' title='bbox 528 3567 707 3630; x_wconf 90' lang='lat' dir='ltr'><strong>adhibetur.</strong></span> <span class='ocrx_word' id='word_1_292' title='bbox 740 3569 840 3629; x_wconf 91' lang='lat' dir='ltr'><strong>Paulo</strong></span> <span class='ocrx_word' id='word_1_293' title='bbox 868 3573 943 3630; x_wconf 89' lang='lat' dir='ltr'><strong>ante</strong></span> <span class='ocrx_word' id='word_1_294' title='bbox 966 3571 1047 3631; x_wconf 87' lang='lat' dir='ltr'><strong>Bkk.</strong></span> <span class='ocrx_word' id='word_1_295' title='bbox 1072 3573 1143 3632; x_wconf 87' lang='lat' dir='ltr'><strong>Ast.</strong></span> <span class='ocrx_word' id='word_1_296' title='bbox 1169 3549 1298 3648; x_wconf 81' lang='lat' dir='ltr'><strong>Oampb.</strong></span> <span class='ocrx_word' id='word_1_297' title='bbox 1323 3589 1349 3634; x_wconf 89' lang='grc' dir='ltr'><em>ο.</em></span> <span class='ocrx_word' id='word_1_298' title='bbox 1374 3546 1493 3647; x_wconf 84' lang='lat' dir='ltr'><strong>paucis</strong></span> 
     </span>
     <span class='ocr_line' id='line_1_30' title="bbox 313 3679 1494 3760; baseline 0.006 -17"><span class='ocrx_word' id='word_1_299' title='bbox 313 3684 427 3743; x_wconf 90' lang='lat' dir='ltr'><strong>deterr.</strong></span> <span class='ocrx_word' id='word_1_300' title='bbox 450 3684 538 3744; x_wconf 91' lang='lat' dir='ltr'><strong>codd.</strong></span> <span class='ocrx_word' id='word_1_301' title='bbox 560 3686 592 3743; x_wconf 92' lang='lat' dir='ltr'><strong>et</strong></span> <span class='ocrx_word' id='word_1_302' title='bbox 612 3684 748 3743; x_wconf 81' lang='lat' dir='ltr'><strong>Stobaeo</strong></span> <span class='ocrx_word' id='word_1_303' title='bbox 769 3679 967 3760; x_wconf 78' lang='grc' dir='ltr'><em>ἐνενοήσαμεν</em></span> <span class='ocrx_word' id='word_1_304' title='bbox 987 3685 1165 3746; x_wconf 90' lang='lat' dir='ltr'><strong>ediderunt.</strong></span> <span class='ocrx_word' id='word_1_305' title='bbox 1178 3685 1355 3760; x_wconf 82' lang='lat' dir='ltr'><strong>vulgatum</strong></span> <span class='ocrx_word' id='word_1_306' title='bbox 1373 3691 1494 3752; x_wconf 86' lang='lat' dir='ltr'><strong>autem</strong></span> 
     </span>
     <span class='ocr_line' id='line_1_31' title="bbox 293 3775 1491 3878; baseline 0.008 -24"><span class='ocrx_word' id='word_1_307' title='bbox 293 3775 296 3782; x_wconf 48' lang='lat'><strong>⁴</strong></span> <span class='ocrx_word' id='word_1_308' title='bbox 314 3794 476 3872; x_wconf 79' lang='grc' dir='ltr'><em>ἐνοήοομεν</em></span> <span class='ocrx_word' id='word_1_309' title='bbox 488 3798 575 3856; x_wconf 90' lang='lat' dir='ltr'><strong>recte</strong></span> <span class='ocrx_word' id='word_1_310' title='bbox 588 3777 729 3856; x_wconf 84' lang='lat' dir='ltr'><strong>defendit</strong></span> <span class='ocrx_word' id='word_1_311' title='bbox 742 3796 915 3857; x_wconf 84' lang='lat' dir='ltr'><strong>Schneider</strong></span> <span class='ocrx_word' id='word_1_312' title='bbox 924 3798 1125 3874; x_wconf 74' lang='lat' dir='ltr'><strong>(„n0biscum</strong></span> <span class='ocrx_word' id='word_1_313' title='bbox 1134 3800 1491 3878; x_wconf 84' lang='lat' dir='ltr'><strong>nonperpendimus&#39;’);</strong></span> 
     </span>
     <span class='ocr_line' id='line_1_32' title="bbox 263 3901 1493 4004; baseline 0.007 -38"><span class='ocrx_word' id='word_1_314' title='bbox 263 3908 291 3974; x_wconf 76' lang='lat' dir='ltr'><strong>Ii</strong></span> <span class='ocrx_word' id='word_1_315' title='bbox 314 3913 395 3967; x_wconf 77' lang='grc' dir='ltr'><em>νοεῖν</em></span> <span class='ocrx_word' id='word_1_316' title='bbox 419 3911 451 3970; x_wconf 88' lang='lat' dir='ltr'><strong>et</strong></span> <span class='ocrx_word' id='word_1_317' title='bbox 471 3910 573 3969; x_wconf 79' lang='lat'>4401)</span> <span class='ocrx_word' id='word_1_318' title='bbox 594 3910 652 3970; x_wconf 89' lang='lat' dir='ltr'><strong>uit.</strong></span> <span class='ocrx_word' id='word_1_319' title='bbox 673 3910 821 3970; x_wconf 86' lang='lat' dir='ltr'><strong>occurrit.</strong></span> <span class='ocrx_word' id='word_1_320' title='bbox 843 3901 863 3994; x_wconf 82' lang='grc' dir='ltr'><strong>ΙΙ</strong></span> <span class='ocrx_word' id='word_1_321' title='bbox 884 3911 1066 3986; x_wconf 85' lang='lat' dir='ltr'><strong>Stephanus</strong></span> <span class='ocrx_word' id='word_1_322' title='bbox 1079 3914 1196 3974; x_wconf 87' lang='lat' dir='ltr'><strong>maluit</strong></span> <span class='ocrx_word' id='word_1_323' title='bbox 1208 3911 1248 3972; x_wconf 75' lang='grc' dir='ltr'><strong>ἔτι</strong></span> <span class='ocrx_word' id='word_1_324' title='bbox 1260 3912 1334 3994; x_wconf 79' lang='grc' dir='ltr'><strong><em>πρὸς</em></strong></span> <span class='ocrx_word' id='word_1_325' title='bbox 1346 3910 1493 4004; x_wconf 77' lang='grc' dir='ltr'><em>γενὲοθνι</em></span> 
     </span>
     <span class='ocr_line' id='line_1_33' title="bbox 312 4021 1492 4101; baseline 0.01 -21"><span class='ocrx_word' id='word_1_326' title='bbox 312 4021 477 4098; x_wconf 76' lang='grc' dir='ltr'><em>φιλόσοφος</em></span> <span class='ocrx_word' id='word_1_327' title='bbox 508 4021 561 4099; x_wconf 74' lang='grc' dir='ltr'><strong>τὴν</strong></span> <span class='ocrx_word' id='word_1_328' title='bbox 590 4023 693 4100; x_wconf 83' lang='grc' dir='ltr'><em>φύσιν,</em></span> <span class='ocrx_word' id='word_1_329' title='bbox 723 4024 807 4097; x_wconf 90' lang='lat' dir='ltr'><strong>quod</strong></span> <span class='ocrx_word' id='word_1_330' title='bbox 838 4025 908 4086; x_wconf 86' lang='lat' dir='ltr'><strong>sine</strong></span> <span class='ocrx_word' id='word_1_331' title='bbox 940 4027 1034 4087; x_wconf 93' lang='lat' dir='ltr'><strong>dubio</strong></span> <span class='ocrx_word' id='word_1_332' title='bbox 1064 4028 1210 4101; x_wconf 90' lang='lat' dir='ltr'><strong>ineptum</strong></span> <span class='ocrx_word' id='word_1_333' title='bbox 1235 4029 1296 4089; x_wconf 88' lang='lat' dir='ltr'><strong>est.</strong></span> <span class='ocrx_word' id='word_1_334' title='bbox 1319 4027 1492 4092; x_wconf 89' lang='lat' dir='ltr'><strong>Herwerd.</strong></span> 
     </span>
    </p>
   </div>
   <div class='ocr_carea' id='block_1_7' title="bbox 312 4133 1608 4218">
    <p class='ocr_par' dir='ltr' id='par_1_7' title="bbox 312 4133 1608 4218">
     <span class='ocr_line' id='line_1_34' title="bbox 312 4133 1608 4218; baseline 0.007 -22"><span class='ocrx_word' id='word_1_335' title='bbox 312 4133 386 4214; x_wconf 85' lang='lat' dir='ltr'><strong>(hin.</strong></span> <span class='ocrx_word' id='word_1_336' title='bbox 425 4135 521 4214; x_wconf 87' lang='lat'>1883)</span> <span class='ocrx_word' id='word_1_337' title='bbox 554 4137 736 4210; x_wconf 87' lang='lat' dir='ltr'><strong>requirebat</strong></span> <span class='ocrx_word' id='word_1_338' title='bbox 767 4135 808 4196; x_wconf 74' lang='lat' dir='ltr'><strong>ihr</strong></span> <span class='ocrx_word' id='word_1_339' title='bbox 841 4138 1089 4218; x_wconf 79' lang='grc' dir='ltr'><em>[προο]γενέοθαι.</em></span> <span class='ocrx_word' id='word_1_340' title='bbox 1122 4142 1154 4202; x_wconf 81' lang='lat' dir='ltr'><strong>si</strong></span> <span class='ocrx_word' id='word_1_341' title='bbox 1185 4141 1261 4215; x_wconf 89' lang='lat' dir='ltr'><strong>quid</strong></span> <span class='ocrx_word' id='word_1_342' title='bbox 1292 4142 1493 4204; x_wconf 89' lang='lat' dir='ltr'><strong>mutandum</strong></span> <span class='ocrx_word' id='word_1_343' title='bbox 1607 4139 1608 4152; x_wconf 57' lang='lat'>³</span> 
     </span>
    </p>
   </div>
   <div class='ocr_carea' id='block_1_8' title="bbox 311 4250 1494 4559">
    <p class='ocr_par' dir='ltr' id='par_1_8' title="bbox 311 4250 1494 4559">
     <span class='ocr_line' id='line_1_35' title="bbox 311 4250 1494 4335; baseline 0.004 -24"><span class='ocrx_word' id='word_1_344' title='bbox 311 4253 363 4326; x_wconf 90' lang='lat' dir='ltr'><strong>sit,</strong></span> <span class='ocrx_word' id='word_1_345' title='bbox 406 4253 514 4326; x_wconf 88' lang='lat' dir='ltr'><strong>potius</strong></span> <span class='ocrx_word' id='word_1_346' title='bbox 554 4250 593 4310; x_wconf 75' lang='grc' dir='ltr'><strong>ἔνι</strong></span> <span class='ocrx_word' id='word_1_347' title='bbox 632 4252 818 4328; x_wconf 89' lang='lat' dir='ltr'><strong>deleverim,</strong></span> <span class='ocrx_word' id='word_1_348' title='bbox 855 4269 954 4326; x_wconf 85' lang='lat' dir='ltr'><strong>quam</strong></span> <span class='ocrx_word' id='word_1_349' title='bbox 991 4256 1139 4315; x_wconf 87' lang='lat' dir='ltr'><strong>voculam</strong></span> <span class='ocrx_word' id='word_1_350' title='bbox 1172 4258 1230 4315; x_wconf 89' lang='lat' dir='ltr'><strong>aut</strong></span> <span class='ocrx_word' id='word_1_351' title='bbox 1266 4270 1363 4330; x_wconf 89' lang='lat' dir='ltr'><strong>super</strong></span> <span class='ocrx_word' id='word_1_352' title='bbox 1397 4274 1494 4335; x_wconf 80' lang='grc' dir='ltr'><em>προσ-</em></span> 
     </span>
     <span class='ocr_line' id='line_1_36' title="bbox 311 4365 1493 4444; baseline 0.004 -18"><span class='ocrx_word' id='word_1_353' title='bbox 311 4365 492 4439; x_wconf 85' lang='lat' dir='ltr'><strong>explicandi</strong></span> <span class='ocrx_word' id='word_1_354' title='bbox 511 4366 617 4439; x_wconf 85' lang='lat' dir='ltr'><strong>gratia</strong></span> <span class='ocrx_word' id='word_1_355' title='bbox 637 4367 890 4441; x_wconf 88' lang='lat' dir='ltr'><strong>superscriptam</strong></span> <span class='ocrx_word' id='word_1_356' title='bbox 911 4368 1012 4428; x_wconf 86' lang='lat' dir='ltr'><strong>fuisse</strong></span> <span class='ocrx_word' id='word_1_357' title='bbox 1032 4370 1179 4443; x_wconf 90' lang='lat' dir='ltr'><strong>suspicor</strong></span> <span class='ocrx_word' id='word_1_358' title='bbox 1198 4370 1255 4430; x_wconf 90' lang='lat' dir='ltr'><strong>aut</strong></span> <span class='ocrx_word' id='word_1_359' title='bbox 1271 4369 1493 4444; x_wconf 85' lang='lat' dir='ltr'><strong>dittographia</strong></span> 
     </span>
     <span class='ocr_line' id='line_1_37' title="bbox 312 4476 905 4559; baseline 0.002 -19"><span class='ocrx_word' id='word_1_360' title='bbox 312 4483 425 4540; x_wconf 87' lang='lat' dir='ltr'><strong>natam</strong></span> <span class='ocrx_word' id='word_1_361' title='bbox 449 4494 522 4539; x_wconf 88' lang='lat' dir='ltr'><strong>esse</strong></span> <span class='ocrx_word' id='word_1_362' title='bbox 547 4476 905 4559; x_wconf 78' lang='grc' dir='ltr'><em>(θυμοενδΕΙΠροσγεν.).</em></span> 
     </span>
    </p>
   </div>
   <div class='ocr_carea' id='block_1_9' title="bbox 169 4583 1493 4675">
    <p class='ocr_par' dir='ltr' id='par_1_9' title="bbox 169 4583 1493 4675">
     <span class='ocr_line' id='line_1_38' title="bbox 169 4583 1493 4675; baseline 0.017 -38"><span class='ocrx_word' id='word_1_363' title='bbox 169 4596 231 4638; x_wconf 60' lang='lat' dir='ltr'><strong>roc</strong></span> <span class='ocrx_word' id='word_1_364' title='bbox 258 4589 289 4656; x_wconf 69' lang='grc' dir='ltr'>Α</span> <span class='ocrx_word' id='word_1_365' title='bbox 357 4583 436 4652; x_wconf 78' lang='lat' dir='ltr'><strong>Veni</strong></span> <span class='ocrx_word' id='word_1_366' title='bbox 455 4594 487 4650; x_wconf 88' lang='grc' dir='ltr'><em>Π</em></span> <span class='ocrx_word' id='word_1_367' title='bbox 508 4591 680 4652; x_wconf 86' lang='lat' dir='ltr'><strong>lectionem</strong></span> <span class='ocrx_word' id='word_1_368' title='bbox 708 4589 822 4658; x_wconf 76' lang='lat' dir='ltr'><strong>&lt;iiu&gt;</strong></span> <span class='ocrx_word' id='word_1_369' title='bbox 851 4588 886 4652; x_wconf 80' lang='grc' dir='ltr'><strong>ὃν</strong></span> <span class='ocrx_word' id='word_1_370' title='bbox 910 4589 963 4670; x_wconf 79' lang='grc' dir='ltr'><strong>μὲν</strong></span> <span class='ocrx_word' id='word_1_371' title='bbox 986 4591 1023 4653; x_wconf 79' lang='lat' dir='ltr'><strong>iv</strong></span> <span class='ocrx_word' id='word_1_372' title='bbox 1044 4593 1103 4671; x_wconf 84' lang='lat' dir='ltr'><strong>(sic</strong></span> <span class='ocrx_word' id='word_1_373' title='bbox 1123 4595 1292 4675; x_wconf 77' lang='lat' dir='ltr'><strong>stobaeus)</strong></span> <span class='ocrx_word' id='word_1_374' title='bbox 1311 4598 1493 4673; x_wconf 85' lang='lat' dir='ltr'><strong>probarunt</strong></span> 
     </span>
    </p>
   </div>
   <div class='ocr_carea' id='block_1_10' title="bbox 0 0 1644 5098">
    <p class='ocr_par' dir='ltr' id='par_1_10' title="bbox 0 0 1644 5098">
     <span class='ocr_line' id='line_1_39' title="bbox 0 0 1644 5098; baseline 0 1"><span class='ocrx_word' id='word_1_375' title='bbox 0 0 1644 5098; x_wconf 95' lang='lat' dir='ltr'><strong> </strong></span> 
     </span>
    </p>
   </div>
  </div>
 </body>
</html>
