3278 5098
830 324 872 384 44

261 511 443 584 legendum.
474 512 615 572 Litterae
642 533 657 569 τ
679 510 798 572 lineola
820 515 1008 575 transversa
1031 529 1128 588 super
1149 512 1344 588 praecedens
1368 512 1437 571 iota

261 625 360 684 nimis
390 626 545 698 producta
568 625 675 685 effecit
698 627 735 685 ut
756 626 907 687 librarius
930 627 992 687 sibi
1015 627 1143 688 litterae
1167 649 1184 685 ν
1208 626 1436 700 compendium

262 741 307 808 (·)
328 753 457 799 cernere
478 739 569 799 visus
589 739 642 799 sit.
662 739 880 814 inscriptura
898 740 1019 801 unciali
1038 740 1101 801 litt.
1122 761 1137 798 τ
1156 753 1253 812 saepe
1272 738 1438 798 invenitur

212 846 238 915 G
261 852 380 927 scripta
400 852 448 912 sic
469 857 513 920 ’1.
536 843 555 935 ΙΙ
576 851 637 911 Pro
657 849 693 910 οὐ
713 850 769 931 γάρ
789 872 847 928 τα,
862 867 943 926 quae
957 853 1154 914 sententiam
1168 851 1381 926 pessumdant
1394 885 1437 894 —

261 975 339 1021 nam
370 961 469 1041 rerba
490 962 617 1048 ἥτις....
641 961 728 1043 ἀρετὴ
751 966 784 1025 in
809 981 882 1026 aere
906 981 1066 1041 suspensa
1089 968 1167 1026 sunt
1192 998 1232 1010 -
1255 965 1327 1037 lege
1349 959 1387 1024 oli
1410 963 1441 1022 τί

261 1093 307 1134 κω
339 1077 372 1136 st
401 1077 507 1138 totum
539 1077 646 1138 locum
678 1078 725 1139 sic
756 1080 876 1141 scribe:
904 1077 977 1156 ἥτις,
998 1070 1037 1156 ἧν
1061 1073 1160 1158 itys,
1182 1076 1282 1138 αὐτῶν
1305 1072 1324 1154 ἡ
1345 1073 1438 1156 ν’νρετή

262 1184 299 1247 od
322 1187 351 1246 τί
369 1209 415 1249 rou
437 1192 546 1263 [τοῦτο]
563 1185 583 1260 1)
604 1188 710 1268 ἐρωτῶ,
728 1186 793 1250 ἀλλ’
816 1192 842 1250 εἰ
860 1196 917 1250 κτλ.
940 1194 1116 1266 Postquam
1137 1191 1166 1250 τί
1183 1193 1216 1251 in
1233 1189 1289 1271 γὰρ
1303 1190 1437 1267 abierat,

262 1303 385 1363 librarii
404 1303 574 1364 inserendo
593 1312 679 1364 τοῦτο
698 1307 829 1366 textum
848 1305 1018 1367 fulserunt.
1039 1305 1143 1380 Vulgo
1164 1304 1224 1365 viri
1244 1305 1295 1366 dd.
1315 1302 1439 1378 (Gamp-

262 1409 395 1484 bellio²t
430 1418 574 1491 excepto)
608 1419 682 1492 post
716 1415 823 1496 ἀρετὴν
856 1419 1000 1493 cogitant
1037 1417 1149 1495 ταύτην
1184 1425 1253 1478 νῦν
1275 1414 1349 1496 λίγα
1380 1420 1438 1487 (sc.

262 1526 317 1605 τὴν
348 1527 482 1606 οἰκείαν),
511 1533 546 1592 at
576 1525 666 1602 τοτ’)
690 1532 773 1607 fugit
795 1534 868 1607 post
891 1533 1127 1607 Thrasymachi
1149 1531 1248 1593 verba
1270 1528 1448 1605 τυφλότητα

262 1639 319 1720 μὰρ
353 1646 402 1702 κτλ
437 1644 604 1705 Socratem
638 1645 698 1706 hoc
732 1661 835 1706 unum
869 1647 999 1707 tantum
1035 1643 1214 1722 „addanae”
1247 1644 1439 1718 respondere

263 1757 418 1831 potuisse.
453 1791 491 1800 —
525 1758 598 1819 Mox
629 1759 885 1820 steinbrtichelio
915 1759 1013 1820 verba
1043 1756 1078 1818 τὰ
1108 1756 1286 1838 ἐργαζόμενα
1318 1756 1440 1826 delenti

262 1870 374 1943 utique
394 1871 693 1948 obtemperandum,
714 1872 791 1946 quia
810 1869 845 1931 τὰ
864 1868 980 1950 ὄμματα
993 1873 1176 1947 subjectum
1189 1873 1257 1945 est;
1270 1873 1440 1945 praeterea

211 1985 242 2051 l)
266 1979 460 2063 ἀπεργάσεται
482 1990 549 2060 (pro
572 1982 641 2064 397)
664 1986 848 2060 legendum.
873 1977 893 2069 ΙΙ
917 1987 978 2047 Pro
1001 1983 1115 2063 ἐκείνης
1139 1986 1182 2056 (in
1206 1985 1329 2058 aliquoi
1348 1985 1439 2045 codd.

264 2092 377 2173 ἐκείνης
400 2095 462 2156 ἴδια
485 2101 668 2170 exaratum)
692 2099 746 2161 alii
766 2101 855 2161 codd.
877 2097 991 2159 ἐκείνου
1009 2099 1173 2162 exhibent.
1194 2099 1304 2159 Lectio
1323 2094 1439 2157 ἐκείνου

263 2212 480 2272 correctorum
504 2215 566 2288 est,
589 2215 624 2272 at
647 2210 760 2290 ἐκείνης
783 2214 962 2275 insiticium
983 2229 1055 2275 esse
1076 2214 1171 2286 (quod
1190 2213 1257 2273 iam
1276 2209 1439 2272 instabilis

264 2325 358 2386 sedes
382 2325 498 2399 arguit)
522 2327 643 2400 optime
662 2327 843 2402 Madvigius
861 2327 1034 2408 intellexit.
1056 2325 1291 2400 'thrasymachi
1310 2338 1438 2398 respon·

264 2454 338 2499 sum
361 2436 464 2499 οὐδενί
483 2435 559 2523 arip
579 2440 729 2515 Madvigii
749 2443 809 2502 τω
831 2441 1027 2516 comprobat.
1051 2473 1090 2484 —
1111 2440 1262 2500 Fortasse
1278 2439 1438 2513 scriptura

264 2548 454 2629 ἐπιμέλεσθαι
488 2568 544 2627 pro
579 2550 779 2630 ἐπιμελεῖσθαι
812 2554 939 2615 Platoni
971 2554 1131 2615 reddenda
1162 2554 1223 2613 est.
1255 2549 1438 2614 Dindorfius

264 2666 436 2740 utramque
467 2666 606 2727 formam
637 2667 847 2742 scriptoribus
877 2668 997 2728 Atticis
1027 2667 1125 2727 tribui
1151 2668 1297 2740 oportere
1320 2664 1436 2726 iudica·

214 2779 329 2849 libat.
361 2771 381 2862 ΙΙ
413 2779 534 2840 Omnes
559 2780 647 2840 codd.
673 2795 850 2854 omnesque
873 2780 963 2842 editt.
987 2780 1092 2851 (Aetio
1116 2781 1261 2855 excepto)
1284 2779 1440 2853 praebent

264 2889 376 2952 οὐκοῦν
399 2889 506 2970 ἀρετήν
528 2897 647 2972 μείρεο
675 2888 738 2970 μὲν,
766 2894 814 2953 sic
838 2893 1024 2969 stobaeus);
1051 2895 1086 2954 at
1112 2915 1144 2972 με
1169 2908 1286 2954 sanum
1311 2907 1383 2953 esse
1407 2893 1441 2951 et

265 3006 384 3066 sta11b⁰
418 3007 526 3077 (1858)
557 3007 665 3067 visum
689 3009 750 3081 est,
774 3008 870 3069 recte.
896 3006 941 3068 Oi.
967 3007 1073 3069 aeth
1096 3003 1169 3080 ἀλλὰ
1192 3003 1252 3082 μὴν
1276 3003 1384 3065 ίίθλιόν
1406 3025 1440 3085 με

264 3123 324 3197 κτλ,
354 3120 477 3181 Potitio.
512 3121 613 3182 287ss
645 3116 757 3180 οὔκουν
789 3118 848 3179 ἀττό
878 3141 911 3200 γε
943 3129 1012 3196 τῶν,
1038 3121 1113 3182 ibid.
1142 3120 1205 3180 299
1218 3121 1247 3180 A
1274 3119 1333 3180 ult.
1356 3119 1441 3180 Illud

265 3231 319 3310 μὲν
346 3233 470 3296 facilior
495 3234 591 3295 lectio
615 3237 667 3295 est
689 3249 789 3309 quam
811 3255 854 3313 με,
877 3235 962 3294 sicut
985 3236 1019 3294 et
1042 3234 1145 3296 caah
1169 3234 1328 3295 Stobaeus
1350 3227 1439 3291 ὁποία

265 3363 322 3424 pro
351 3346 423 3407 τοία
455 3348 594 3410 exhibet.
626 3383 665 3393 -
691 3349 765 3410 Mox
787 3364 856 3409 voc.
880 3357 979 3427 ψυχῆς
1002 3348 1225 3422 interpolatori
1248 3346 1441 3421 quantocius

265 3461 472 3524 reddendum.
508 3463 676 3537 Nusquam
710 3464 744 3523 in
775 3463 802 3524 D
834 3464 867 3522 et
897 3461 922 3524 Ε
953 3460 1184 3540 (συνεχώρησαν)
1216 3462 1443 3523 concesserant

266 3576 462 3654 δικαιοσύνην
482 3592 554 3638 esse
575 3574 682 3656 ἀρετὴν
701 3584 810 3655 ψυχῆς,
829 3577 1057 3636 concesserant
1077 3575 1306 3636 tantummodo
1321 3565 1445 3634 1⁰sivol

265 3712 292 3748 τι
315 3687 401 3769 ἔργον
424 3698 523 3769 ψυχῆς
549 3683 583 3750 2⁰
606 3683 684 3748 εἷναί
701 3712 767 3749 τινα
786 3686 894 3768 ἀρετὴν
914 3696 1023 3766 ψυχῆς,
1041 3689 1076 3748 ai
1096 3702 1258 3762 quaenam
1279 3687 1342 3758 (τίς)
1355 3690 1443 3748 esset

265 3804 322 3865 illa
344 3811 444 3882 ψυχῆς
466 3800 554 3882 ἀρετή
578 3825 620 3874 τις
644 3819 683 3864 ne
706 3803 941 3877 indagaverant
964 3804 1094 3876 quidem
1118 3803 1215 3873 (sicut
1233 3817 1293 3862 nec
1312 3799 1443 3878 τὴντῶν

265 3913 405 3994 ὀμμάτων
439 3913 546 3995 ἀρετὴν
582 3932 640 3977 nec
674 3913 728 3992 τὴν
762 3925 821 3976 τῶν
854 3914 936 3976 ὤτων
966 3913 1073 3993 ἀρετὴν
1105 3914 1315 3985 definierant).
1347 3913 1443 3975 Nullo

264 4030 363 4105 igitur
383 4031 479 4093 modo
499 4030 648 4091 Socrates
668 4029 773 4090 dicere
786 4030 894 4105 potest
907 4026 1020 4088 οὐκοῦν
1033 4025 1140 4107 ἀρετήν
1152 4049 1184 4108 με
1196 4026 1443 4107 συνεχωρήσαμεν

300 4310 320 4376 1)
342 4313 461 4360 Fortasse
483 4319 552 4360 ταῦτα
576 4313 710 4360 ferendum
736 4315 783 4367 est,
805 4312 838 4358 ci.
857 4312 905 4358 stt
921 4312 944 4358 D
961 4312 1009 4358 ult.
1027 4314 1156 4370 λκιστὴμην
1172 4312 1347 4373 aarum..
1365 4309 1445 4369 αὐτὴν,

265 4393 311 4440 ubi
327 4394 399 4452 αὐτὴν
416 4406 522 4452 prorsus
540 4392 663 4440 abundat.
985 4400 986 4403 ’

299 4467 320 4532 ²)
343 4472 455 4533 campo:
481 4474 546 4531 „Say
568 4471 663 4528 rather,
688 4471 816 4518 whatever
839 4470 906 4518 their
929 4469 1014 4515 virtue
1037 4468 1067 4526 is,
1090 4469 1130 4517 ior
1151 4469 1164 4515 I
1182 4469 1247 4517 have
1265 4470 1309 4515 not
1327 4481 1399 4516 come
1417 4469 1445 4514 to

266 4552 323 4600 that
340 4551 458 4611 question
476 4547 544 4610 μήτ”

300 4625 321 4694 ³)
337 4629 458 4678 Wohlrab
475 4629 553 4676 vertit
572 4641 638 4684 „was
655 4641 703 4673 nnr
720 4628 813 4675 immor
830 4627 886 4675 ihre
903 4626 1038 4688 rahigkeu
1055 4627 1114 4685 ist”‚
1132 4625 1201 4688 qnod
1218 4625 1284 4673 nihil
1302 4627 1349 4673 ast.
