<?xml version="1.0" encoding="UTF-8"?>
<!DOCTYPE html PUBLIC "-//W3C//DTD XHTML 1.0 Transitional//EN"
    "http://www.w3.org/TR/xhtml1/DTD/xhtml1-transitional.dtd">
<html xmlns="http://www.w3.org/1999/xhtml" xml:lang="en" lang="en">
 <head>
  <title>
</title>
<meta http-equiv="Content-Type" content="text/html;charset=utf-8" />
  <meta name='ocr-system' content='tesseract 3.04.00' />
  <meta name='ocr-capabilities' content='ocr_page ocr_carea ocr_par ocr_line ocrx_word'/>
</head>
<body>
  <div class='ocr_page' id='page_1' title='image "./notaecriticaead01hartgoog_0145.png"; bbox 0 0 3260 5098; ppageno 0'>
   <div class='ocr_carea' id='block_1_1' title="bbox 894 305 955 366">
    <p class='ocr_par' dir='ltr' id='par_1_1' title="bbox 894 305 955 366">
     <span class='ocr_line' id='line_1_1' title="bbox 894 305 955 366; baseline 0.033 -2"><span class='ocrx_word' id='word_1_1' title='bbox 894 305 955 366; x_wconf 88' lang='grc'>122</span> 
     </span>
    </p>
   </div>
   <div class='ocr_carea' id='block_1_2' title="bbox 286 488 1608 3753">
    <p class='ocr_par' dir='ltr' id='par_1_2' title="bbox 286 488 1608 3753">
     <span class='ocr_line' id='line_1_2' title="bbox 337 488 1499 566; baseline -0.003 -16"><span class='ocrx_word' id='word_1_2' title='bbox 337 491 435 565; x_wconf 89' lang='lat' dir='ltr'>igitur</span> <span class='ocrx_word' id='word_1_3' title='bbox 468 492 531 552; x_wconf 93' lang='lat' dir='ltr'>tria</span> <span class='ocrx_word' id='word_1_4' title='bbox 564 490 620 550; x_wconf 93' lang='lat' dir='ltr'>illa</span> <span class='ocrx_word' id='word_1_5' title='bbox 655 491 752 551; x_wconf 90' lang='lat' dir='ltr'>verba</span> <span class='ocrx_word' id='word_1_6' title='bbox 782 495 877 560; x_wconf 73' lang='lat' dir='ltr'>(rouro</span> <span class='ocrx_word' id='word_1_7' title='bbox 909 489 980 566; x_wconf 79' lang='grc' dir='ltr'><strong><em>ὅπερ</em></strong></span> <span class='ocrx_word' id='word_1_8' title='bbox 1011 488 1098 560; x_wconf 77' lang='grc' dir='ltr'><strong><em>ἐστίν)</em></strong></span> <span class='ocrx_word' id='word_1_9' title='bbox 1132 490 1226 564; x_wconf 89' lang='lat' dir='ltr'>plane</span> <span class='ocrx_word' id='word_1_10' title='bbox 1257 489 1383 563; x_wconf 81' lang='lat' dir='ltr'>frigere,</span> <span class='ocrx_word' id='word_1_11' title='bbox 1406 489 1499 547; x_wconf 90' lang='lat' dir='ltr'>immo</span> 
     </span>
     <span class='ocr_line' id='line_1_3' title="bbox 334 596 1500 680; baseline -0.005 -17"><span class='ocrx_word' id='word_1_12' title='bbox 334 604 467 665; x_wconf 89' lang='lat' dir='ltr'>ridicule</span> <span class='ocrx_word' id='word_1_13' title='bbox 497 604 680 680; x_wconf 84' lang='lat' dir='ltr'>adhaerere,</span> <span class='ocrx_word' id='word_1_14' title='bbox 711 619 785 664; x_wconf 86' lang='lat' dir='ltr'>oum</span> <span class='ocrx_word' id='word_1_15' title='bbox 813 620 916 677; x_wconf 91' lang='lat' dir='ltr'>neque</span> <span class='ocrx_word' id='word_1_16' title='bbox 940 606 979 664; x_wconf 91' lang='lat' dir='ltr'>ad</span> <span class='ocrx_word' id='word_1_17' title='bbox 1003 624 1082 674; x_wconf 81' lang='grc' dir='ltr'><strong><em>τινος</em></strong></span> <span class='ocrx_word' id='word_1_18' title='bbox 1107 596 1183 662; x_wconf 76' lang='grc' dir='ltr'><strong><em>εἶναι</em></strong></span> <span class='ocrx_word' id='word_1_19' title='bbox 1206 617 1309 676; x_wconf 85' lang='lat' dir='ltr'>neque</span> <span class='ocrx_word' id='word_1_20' title='bbox 1333 602 1373 661; x_wconf 89' lang='lat' dir='ltr'>ad</span> <span class='ocrx_word' id='word_1_21' title='bbox 1397 601 1500 660; x_wconf 76' lang='grc' dir='ltr'><strong><em>τούτων</em></strong></span> 
     </span>
     <span class='ocr_line' id='line_1_4' title="bbox 334 709 1503 793; baseline -0.003 -17"><span class='ocrx_word' id='word_1_22' title='bbox 334 717 445 778; x_wconf 85' lang='lat' dir='ltr'>referri</span> <span class='ocrx_word' id='word_1_23' title='bbox 463 718 598 791; x_wconf 83' lang='lat' dir='ltr'><strong>possint.</strong></span> <span class='ocrx_word' id='word_1_24' title='bbox 620 717 727 777; x_wconf 80' lang='lat' dir='ltr'>Etiam</span> <span class='ocrx_word' id='word_1_25' title='bbox 746 719 779 777; x_wconf 89' lang='lat' dir='ltr'>in</span> <span class='ocrx_word' id='word_1_26' title='bbox 800 718 899 778; x_wconf 81' lang='lat' dir='ltr'>438ss</span> <span class='ocrx_word' id='word_1_27' title='bbox 918 717 1110 792; x_wconf 89' lang='lat' dir='ltr'>simpliciter</span> <span class='ocrx_word' id='word_1_28' title='bbox 1130 718 1252 777; x_wconf 88' lang='lat' dir='ltr'>dictum</span> <span class='ocrx_word' id='word_1_29' title='bbox 1274 717 1325 774; x_wconf 85' lang='lat' dir='ltr'>eet</span> <span class='ocrx_word' id='word_1_30' title='bbox 1346 709 1433 793; x_wconf 78' lang='lat' dir='ltr'>iouy’</span> <span class='ocrx_word' id='word_1_31' title='bbox 1449 713 1503 772; x_wconf 77' lang='grc' dir='ltr'><strong><em>ἐσσί</em></strong></span> 
     </span>
     <span class='ocr_line' id='line_1_5' title="bbox 333 823 1502 904; baseline -0.001 -15"><span class='ocrx_word' id='word_1_32' title='bbox 333 839 453 890; x_wconf 79' lang='grc' dir='ltr'><strong><em>τοιαῦτα</em></strong></span> <span class='ocrx_word' id='word_1_33' title='bbox 489 823 537 890; x_wconf 82' lang='grc' dir='ltr'><strong><em>οἷοι</em></strong></span> <span class='ocrx_word' id='word_1_34' title='bbox 572 824 651 890; x_wconf 80' lang='grc' dir='ltr'><strong><em>εἶναι</em></strong></span> <span class='ocrx_word' id='word_1_35' title='bbox 679 853 739 891; x_wconf 79' lang='grc' dir='ltr'><strong><em>σου.</em></strong></span> <span class='ocrx_word' id='word_1_36' title='bbox 771 832 884 904; x_wconf 90' lang='lat' dir='ltr'>Itaque</span> <span class='ocrx_word' id='word_1_37' title='bbox 916 831 1064 904; x_wconf 86' lang='lat' dir='ltr'>equidem</span> <span class='ocrx_word' id='word_1_38' title='bbox 1099 845 1137 890; x_wconf 90' lang='lat' dir='ltr'>ea</span> <span class='ocrx_word' id='word_1_39' title='bbox 1167 831 1280 904; x_wconf 78' lang='lat' dir='ltr'>utpote</span> <span class='ocrx_word' id='word_1_40' title='bbox 1315 844 1332 888; x_wconf 93' lang='grc'><strong>6</strong></span> <span class='ocrx_word' id='word_1_41' title='bbox 1366 829 1502 901; x_wconf 84' lang='lat' dir='ltr'>margine</span> 
     </span>
     <span class='ocr_line' id='line_1_6' title="bbox 332 936 1502 1018; baseline -0.002 -14"><span class='ocrx_word' id='word_1_42' title='bbox 332 945 462 1005; x_wconf 87' lang='lat' dir='ltr'>invecta</span> <span class='ocrx_word' id='word_1_43' title='bbox 495 945 629 1004; x_wconf 90' lang='lat' dir='ltr'>delenda</span> <span class='ocrx_word' id='word_1_44' title='bbox 644 936 665 1014; x_wconf 81' lang='lat'>¹)</span> <span class='ocrx_word' id='word_1_45' title='bbox 701 959 826 1005; x_wconf 91' lang='lat' dir='ltr'>censeo.</span> <span class='ocrx_word' id='word_1_46' title='bbox 858 945 1030 1018; x_wconf 77' lang='lat' dir='ltr'>aosoupta</span> <span class='ocrx_word' id='word_1_47' title='bbox 1061 944 1200 1004; x_wconf 88' lang='lat' dir='ltr'>fortasse</span> <span class='ocrx_word' id='word_1_48' title='bbox 1232 945 1310 1003; x_wconf 87' lang='lat' dir='ltr'>sunt</span> <span class='ocrx_word' id='word_1_49' title='bbox 1342 943 1381 1003; x_wconf 91' lang='lat' dir='ltr'>ab</span> <span class='ocrx_word' id='word_1_50' title='bbox 1404 943 1502 1016; x_wconf 84' lang='lat' dir='ltr'>aliquo</span> 
     </span>
     <span class='ocr_line' id='line_1_7' title="bbox 334 1053 1503 1134; baseline -0.002 -17"><span class='ocrx_word' id='word_1_51' title='bbox 334 1059 388 1131; x_wconf 91' lang='lat' dir='ltr'>qui</span> <span class='ocrx_word' id='word_1_52' title='bbox 413 1059 509 1118; x_wconf 89' lang='lat' dir='ltr'>verba</span> <span class='ocrx_word' id='word_1_53' title='bbox 532 1055 590 1116; x_wconf 77' lang='lat' dir='ltr'>ion</span> <span class='ocrx_word' id='word_1_54' title='bbox 614 1053 646 1116; x_wconf 77' lang='grc' dir='ltr'>δὲ</span> <span class='ocrx_word' id='word_1_55' title='bbox 669 1057 767 1134; x_wconf 81' lang='grc' dir='ltr'><strong><em>δήπου</em></strong></span> <span class='ocrx_word' id='word_1_56' title='bbox 792 1057 897 1133; x_wconf 80' lang='grc' dir='ltr'><strong><em>δίψος;</em></strong></span> <span class='ocrx_word' id='word_1_57' title='bbox 921 1058 1081 1132; x_wconf 87' lang='lat' dir='ltr'>explicare</span> <span class='ocrx_word' id='word_1_58' title='bbox 1102 1059 1238 1117; x_wconf 91' lang='lat' dir='ltr'>conatus</span> <span class='ocrx_word' id='word_1_59' title='bbox 1258 1058 1337 1117; x_wconf 89' lang='lat' dir='ltr'>erat.</span> <span class='ocrx_word' id='word_1_60' title='bbox 1359 1056 1503 1128; x_wconf 85' lang='lat' dir='ltr'>Madvigii</span> 
     </span>
     <span class='ocr_line' id='line_1_8' title="bbox 335 1163 1502 1246; baseline -0.004 -13"><span class='ocrx_word' id='word_1_61' title='bbox 335 1174 368 1233; x_wconf 77' lang='lat'>0³</span> <span class='ocrx_word' id='word_1_62' title='bbox 401 1175 431 1242; x_wconf 83' lang='lat' dir='ltr'>(a</span> <span class='ocrx_word' id='word_1_63' title='bbox 461 1172 589 1232; x_wconf 83' lang='lat' dir='ltr'>Baitero</span> <span class='ocrx_word' id='word_1_64' title='bbox 618 1172 761 1246; x_wconf 84' lang='lat' dir='ltr'>probata)</span> <span class='ocrx_word' id='word_1_65' title='bbox 793 1180 851 1230; x_wconf 79' lang='grc' dir='ltr'>τῶι</span> <span class='ocrx_word' id='word_1_66' title='bbox 888 1170 1035 1246; x_wconf 76' lang='lat' dir='ltr'>(otho)</span> <span class='ocrx_word' id='word_1_67' title='bbox 1071 1167 1150 1242; x_wconf 75' lang='grc' dir='ltr'><strong><em>τινὸς</em></strong></span> <span class='ocrx_word' id='word_1_68' title='bbox 1173 1163 1250 1229; x_wconf 78' lang='grc' dir='ltr'><strong><em>εἶναι</em></strong></span> <span class='ocrx_word' id='word_1_69' title='bbox 1273 1170 1371 1244; x_wconf 87' lang='lat' dir='ltr'>recipi</span> <span class='ocrx_word' id='word_1_70' title='bbox 1392 1171 1502 1243; x_wconf 91' lang='lat' dir='ltr'>potest,</span> 
     </span>
     <span class='ocr_line' id='line_1_9' title="bbox 335 1276 1502 1361; baseline -0.001 -18"><span class='ocrx_word' id='word_1_71' title='bbox 335 1298 533 1357; x_wconf 86' lang='lat' dir='ltr'>quamquam</span> <span class='ocrx_word' id='word_1_72' title='bbox 566 1284 699 1357; x_wconf 86' lang='lat' dir='ltr'>vulgata</span> <span class='ocrx_word' id='word_1_73' title='bbox 729 1282 765 1344; x_wconf 79' lang='grc' dir='ltr'>οὐ</span> <span class='ocrx_word' id='word_1_74' title='bbox 796 1285 908 1344; x_wconf 78' lang='grc' dir='ltr'><strong><em>τούτων</em></strong></span> <span class='ocrx_word' id='word_1_75' title='bbox 938 1283 1043 1361; x_wconf 74' lang='grc' dir='ltr'><strong><em>θήσεις</em></strong></span> <span class='ocrx_word' id='word_1_76' title='bbox 1073 1292 1131 1342; x_wconf 81' lang='grc' dir='ltr'>τῶν</span> <span class='ocrx_word' id='word_1_77' title='bbox 1154 1305 1234 1354; x_wconf 79' lang='grc' dir='ltr'><strong><em>τινος</em></strong></span> <span class='ocrx_word' id='word_1_78' title='bbox 1248 1276 1270 1354; x_wconf 83' lang='lat'>²)</span> <span class='ocrx_word' id='word_1_79' title='bbox 1295 1283 1371 1343; x_wconf 85' lang='lat' dir='ltr'>ferri</span> <span class='ocrx_word' id='word_1_80' title='bbox 1392 1284 1502 1356; x_wconf 87' lang='lat' dir='ltr'>potest.</span> 
     </span>
     <span class='ocr_line' id='line_1_10' title="bbox 336 1393 1504 1474; baseline 0.001 -17"><span class='ocrx_word' id='word_1_81' title='bbox 336 1398 509 1470; x_wconf 74' lang='lat' dir='ltr'>Sequentia</span> <span class='ocrx_word' id='word_1_82' title='bbox 532 1399 642 1458; x_wconf 74' lang='lat' dir='ltr'>autem</span> <span class='ocrx_word' id='word_1_83' title='bbox 667 1398 713 1459; x_wconf 80' lang='lat' dir='ltr'>Sic</span> <span class='ocrx_word' id='word_1_84' title='bbox 737 1398 857 1458; x_wconf 81' lang='lat' dir='ltr'>Scribe:</span> <span class='ocrx_word' id='word_1_85' title='bbox 883 1395 941 1456; x_wconf 73' lang='grc' dir='ltr'><strong><em>ἔστι</em></strong></span> <span class='ocrx_word' id='word_1_86' title='bbox 965 1393 997 1456; x_wconf 78' lang='grc' dir='ltr'>δὲ</span> <span class='ocrx_word' id='word_1_87' title='bbox 1022 1396 1120 1473; x_wconf 77' lang='grc' dir='ltr'><strong><em>δήπου</em></strong></span> <span class='ocrx_word' id='word_1_88' title='bbox 1145 1396 1234 1472; x_wconf 79' lang='grc' dir='ltr'><strong><em>δίψος</em></strong></span> <span class='ocrx_word' id='word_1_89' title='bbox 1259 1429 1301 1438; x_wconf 88' lang='lat'><em>-</em></span> <span class='ocrx_word' id='word_1_90' title='bbox 1319 1393 1432 1474; x_wconf 78' lang='grc' dir='ltr'><em>Ἔγωγε</em></span> <span class='ocrx_word' id='word_1_91' title='bbox 1450 1398 1504 1458; x_wconf 81' lang='grc' dir='ltr'><strong><em>κτλ.</em></strong></span> 
     </span>
     <span class='ocr_line' id='line_1_11' title="bbox 337 1508 1501 1585; baseline -0.004 -13"><span class='ocrx_word' id='word_1_92' title='bbox 337 1513 514 1584; x_wconf 85' lang='lat' dir='ltr'>Postquam</span> <span class='ocrx_word' id='word_1_93' title='bbox 545 1513 632 1572; x_wconf 92' lang='lat' dir='ltr'>enim</span> <span class='ocrx_word' id='word_1_94' title='bbox 665 1512 813 1574; x_wconf 82' lang='lat' dir='ltr'>Socrates</span> <span class='ocrx_word' id='word_1_95' title='bbox 844 1513 971 1585; x_wconf 86' lang='lat' dir='ltr'>rogavit</span> <span class='ocrx_word' id='word_1_96' title='bbox 1001 1514 1131 1572; x_wconf 82' lang='lat' dir='ltr'>essetne</span> <span class='ocrx_word' id='word_1_97' title='bbox 1162 1510 1252 1585; x_wconf 79' lang='grc' dir='ltr'><strong><em>δίψος</em></strong></span> <span class='ocrx_word' id='word_1_98' title='bbox 1274 1519 1333 1569; x_wconf 80' lang='grc' dir='ltr'>τῶν</span> <span class='ocrx_word' id='word_1_99' title='bbox 1360 1508 1501 1585; x_wconf 82' lang='grc' dir='ltr'><strong><em>&lt;οἴον&gt;</em></strong></span> 
     </span>
     <span class='ocr_line' id='line_1_12' title="bbox 335 1616 1505 1700; baseline -0.001 -18"><span class='ocrx_word' id='word_1_100' title='bbox 335 1623 414 1696; x_wconf 84' lang='grc' dir='ltr'><strong><em>ιιοὸς</em></strong></span> <span class='ocrx_word' id='word_1_101' title='bbox 445 1616 520 1682; x_wconf 81' lang='grc' dir='ltr'><strong><em>εἶναι</em></strong></span> <span class='ocrx_word' id='word_1_102' title='bbox 551 1625 631 1697; x_wconf 86' lang='lat' dir='ltr'>(sive</span> <span class='ocrx_word' id='word_1_103' title='bbox 656 1627 785 1685; x_wconf 77' lang='lat' dir='ltr'>essetne</span> <span class='ocrx_word' id='word_1_104' title='bbox 809 1624 898 1700; x_wconf 80' lang='grc' dir='ltr'><strong><em>δίψος</em></strong></span> <span class='ocrx_word' id='word_1_105' title='bbox 921 1623 1022 1700; x_wconf 81' lang='grc' dir='ltr'>τινὸς),</span> <span class='ocrx_word' id='word_1_106' title='bbox 1047 1625 1198 1685; x_wconf 88' lang='lat' dir='ltr'>continuo</span> <span class='ocrx_word' id='word_1_107' title='bbox 1222 1624 1315 1698; x_wconf 87' lang='lat' dir='ltr'>quasi</span> <span class='ocrx_word' id='word_1_108' title='bbox 1340 1623 1422 1682; x_wconf 91' lang='lat' dir='ltr'>alter</span> <span class='ocrx_word' id='word_1_109' title='bbox 1442 1623 1505 1682; x_wconf 90' lang='lat' dir='ltr'>iam</span> 
     </span>
     <span class='ocr_line' id='line_1_13' title="bbox 334 1739 1504 1813; baseline -0.003 -15"><span class='ocrx_word' id='word_1_110' title='bbox 334 1739 553 1813; x_wconf 86' lang='lat' dir='ltr'>respondisset</span> <span class='ocrx_word' id='word_1_111' title='bbox 576 1740 638 1799; x_wconf 89' lang='lat' dir='ltr'>sibi</span> <span class='ocrx_word' id='word_1_112' title='bbox 661 1739 708 1799; x_wconf 90' lang='lat' dir='ltr'>ita</span> <span class='ocrx_word' id='word_1_113' title='bbox 732 1740 832 1799; x_wconf 92' lang='lat' dir='ltr'>videri</span> <span class='ocrx_word' id='word_1_114' title='bbox 856 1754 914 1800; x_wconf 90' lang='lat' dir='ltr'>nec</span> <span class='ocrx_word' id='word_1_115' title='bbox 938 1739 976 1798; x_wconf 92' lang='lat' dir='ltr'>de</span> <span class='ocrx_word' id='word_1_116' title='bbox 1002 1754 1040 1798; x_wconf 89' lang='lat' dir='ltr'>ea</span> <span class='ocrx_word' id='word_1_117' title='bbox 1060 1755 1094 1798; x_wconf 92' lang='lat' dir='ltr'>re</span> <span class='ocrx_word' id='word_1_118' title='bbox 1113 1739 1252 1799; x_wconf 91' lang='lat' dir='ltr'>dubitari</span> <span class='ocrx_word' id='word_1_119' title='bbox 1273 1751 1367 1812; x_wconf 90' lang='lat' dir='ltr'>posse</span> <span class='ocrx_word' id='word_1_120' title='bbox 1391 1751 1504 1810; x_wconf 87' lang='lat' dir='ltr'>perrec-</span> 
     </span>
     <span class='ocr_line' id='line_1_14' title="bbox 335 1849 1506 1927; baseline -0.002 -17"><span class='ocrx_word' id='word_1_121' title='bbox 335 1854 428 1912; x_wconf 86' lang='lat' dir='ltr'>turus</span> <span class='ocrx_word' id='word_1_122' title='bbox 448 1855 518 1913; x_wconf 91' lang='lat' dir='ltr'>erat</span> <span class='ocrx_word' id='word_1_123' title='bbox 546 1854 588 1913; x_wconf 84' lang='lat' dir='ltr'>ud</span> <span class='ocrx_word' id='word_1_124' title='bbox 611 1852 816 1927; x_wconf 69' lang='lat' dir='ltr'>colligendum</span> <span class='ocrx_word' id='word_1_125' title='bbox 839 1856 913 1923; x_wconf 90' lang='lat' dir='ltr'>(non</span> <span class='ocrx_word' id='word_1_126' title='bbox 937 1852 1077 1926; x_wconf 86' lang='lat' dir='ltr'>amplius</span> <span class='ocrx_word' id='word_1_127' title='bbox 1101 1853 1143 1912; x_wconf 82' lang='lat' dir='ltr'>ad</span> <span class='ocrx_word' id='word_1_128' title='bbox 1169 1851 1440 1926; x_wconf 68' lang='lat' dir='ltr'>interrogandum,</span> <span class='ocrx_word' id='word_1_129' title='bbox 1464 1849 1506 1909; x_wconf 88' lang='lat' dir='ltr'>sio</span> 
     </span>
     <span class='ocr_line' id='line_1_15' title="bbox 336 1962 1507 2040; baseline -0.001 -17"><span class='ocrx_word' id='word_1_130' title='bbox 336 1965 416 2026; x_wconf 89' lang='lat' dir='ltr'>Bkk.</span> <span class='ocrx_word' id='word_1_131' title='bbox 444 1966 506 2026; x_wconf 85' lang='lat' dir='ltr'>Ast</span> <span class='ocrx_word' id='word_1_132' title='bbox 536 1967 647 2027; x_wconf 86' lang='lat' dir='ltr'>Herm.</span> <span class='ocrx_word' id='word_1_133' title='bbox 680 1965 837 2027; x_wconf 83' lang='lat' dir='ltr'>Schmelz.</span> <span class='ocrx_word' id='word_1_134' title='bbox 870 1965 1012 2040; x_wconf 80' lang='lat' dir='ltr'>damph.)</span> <span class='ocrx_word' id='word_1_135' title='bbox 1041 1965 1129 2039; x_wconf 84' lang='grc' dir='ltr'><strong><em>δίψος</em></strong></span> <span class='ocrx_word' id='word_1_136' title='bbox 1161 1980 1233 2026; x_wconf 85' lang='grc'><strong>6666</strong></span> <span class='ocrx_word' id='word_1_137' title='bbox 1264 1962 1414 2040; x_wconf 84' lang='grc' dir='ltr'><strong><em>πώμοπος,</em></strong></span> <span class='ocrx_word' id='word_1_138' title='bbox 1437 1977 1507 2023; x_wconf 90' lang='lat' dir='ltr'>oum</span> 
     </span>
     <span class='ocr_line' id='line_1_16' title="bbox 337 2053 1508 2152; baseline -0.002 -14"><span class='ocrx_word' id='word_1_139' title='bbox 337 2071 514 2149; x_wconf 66' lang='grc'><strong>(11110113)</strong></span> <span class='ocrx_word' id='word_1_140' title='bbox 546 2094 621 2139; x_wconf 90' lang='lat' dir='ltr'>eum</span> <span class='ocrx_word' id='word_1_141' title='bbox 652 2079 845 2152; x_wconf 89' lang='lat' dir='ltr'>interpellat.</span> <span class='ocrx_word' id='word_1_142' title='bbox 874 2079 954 2140; x_wconf 85' lang='lat' dir='ltr'>Vide</span> <span class='ocrx_word' id='word_1_143' title='bbox 977 2079 1084 2139; x_wconf 88' lang='lat' dir='ltr'>simile</span> <span class='ocrx_word' id='word_1_144' title='bbox 1110 2053 1508 2150; x_wconf 74' lang='grc'><strong>11611611616111111110-</strong></span> 
     </span>
     <span class='ocr_line' id='line_1_17' title="bbox 336 2186 1508 2272; baseline -0.001 -21"><span class='ocrx_word' id='word_1_145' title='bbox 336 2191 508 2252; x_wconf 89' lang='lat' dir='ltr'>dammodo</span> <span class='ocrx_word' id='word_1_146' title='bbox 539 2193 673 2252; x_wconf 90' lang='lat' dir='ltr'>turbans</span> <span class='ocrx_word' id='word_1_147' title='bbox 704 2190 792 2272; x_wconf 78' lang='grc' dir='ltr'><strong><em>ἕμωμε</em></strong></span> <span class='ocrx_word' id='word_1_148' title='bbox 816 2209 846 2268; x_wconf 92' lang='lat' dir='ltr'>p.</span> <span class='ocrx_word' id='word_1_149' title='bbox 871 2195 937 2254; x_wconf 83' lang='grc'>410</span> <span class='ocrx_word' id='word_1_150' title='bbox 959 2194 995 2253; x_wconf 91' lang='lat' dir='ltr'>D.</span> <span class='ocrx_word' id='word_1_151' title='bbox 1021 2193 1074 2258; x_wconf 88' lang='lat' dir='ltr'>Ad</span> <span class='ocrx_word' id='word_1_152' title='bbox 1095 2192 1174 2252; x_wconf 93' lang='lat' dir='ltr'>illud</span> <span class='ocrx_word' id='word_1_153' title='bbox 1198 2187 1230 2250; x_wconf 80' lang='grc' dir='ltr'>δὲ</span> <span class='ocrx_word' id='word_1_154' title='bbox 1253 2192 1297 2262; x_wconf 86' lang='grc'>(11</span> <span class='ocrx_word' id='word_1_155' title='bbox 1322 2188 1381 2249; x_wconf 79' lang='grc' dir='ltr'><strong><em>ἔστι</em></strong></span> <span class='ocrx_word' id='word_1_156' title='bbox 1405 2186 1448 2260; x_wconf 80' lang='grc' dir='ltr'>δὲ)</span> <span class='ocrx_word' id='word_1_157' title='bbox 1472 2189 1508 2250; x_wconf 85' lang='grc'>01.</span> 
     </span>
     <span class='ocr_line' id='line_1_18' title="bbox 337 2299 1509 2383; baseline -0.003 -18"><span class='ocrx_word' id='word_1_158' title='bbox 337 2307 431 2367; x_wconf 83' lang='lat' dir='ltr'>sodes</span> <span class='ocrx_word' id='word_1_159' title='bbox 463 2307 526 2367; x_wconf 85' lang='grc'>332</span> <span class='ocrx_word' id='word_1_160' title='bbox 557 2307 582 2364; x_wconf 93' lang='grc' dir='ltr'><strong>Β</strong></span> <span class='ocrx_word' id='word_1_161' title='bbox 614 2301 759 2380; x_wconf 80' lang='grc' dir='ltr'><strong><em>ὀφείλεται</em></strong></span> <span class='ocrx_word' id='word_1_162' title='bbox 790 2303 847 2383; x_wconf 81' lang='grc' dir='ltr'>δέ,</span> <span class='ocrx_word' id='word_1_163' title='bbox 878 2299 969 2383; x_wconf 80' lang='grc' dir='ltr'><strong><em>οἶμαι,</em></strong></span> <span class='ocrx_word' id='word_1_164' title='bbox 992 2309 1054 2367; x_wconf 82' lang='grc'>337</span> <span class='ocrx_word' id='word_1_165' title='bbox 1079 2307 1106 2365; x_wconf 91' lang='grc' dir='ltr'>Ι)</span> <span class='ocrx_word' id='word_1_166' title='bbox 1129 2304 1271 2383; x_wconf 77' lang='grc' dir='ltr'><strong><em>προσήκει</em></strong></span> <span class='ocrx_word' id='word_1_167' title='bbox 1295 2305 1312 2363; x_wconf 84' lang='lat' dir='ltr'>d</span> <span class='ocrx_word' id='word_1_168' title='bbox 1321 2301 1335 2363; x_wconf 83' lang='grc' dir='ltr'>ε’</span> <span class='ocrx_word' id='word_1_169' title='bbox 1357 2325 1431 2364; x_wconf 82' lang='grc' dir='ltr'>που</span> <span class='ocrx_word' id='word_1_170' title='bbox 1455 2309 1509 2363; x_wconf 79' lang='grc' dir='ltr'><strong><em>κτλ.</em></strong></span> 
     </span>
     <span class='ocr_line' id='line_1_19' title="bbox 336 2417 1608 2501; baseline -0.002 -22"><span class='ocrx_word' id='word_1_171' title='bbox 336 2421 382 2480; x_wconf 92' lang='lat' dir='ltr'>De</span> <span class='ocrx_word' id='word_1_172' title='bbox 404 2441 436 2498; x_wconf 79' lang='grc' dir='ltr'>με</span> <span class='ocrx_word' id='word_1_173' title='bbox 459 2421 532 2494; x_wconf 87' lang='lat' dir='ltr'>post</span> <span class='ocrx_word' id='word_1_174' title='bbox 555 2417 644 2498; x_wconf 76' lang='grc' dir='ltr'><strong><em>ἔμοιγε</em></strong></span> <span class='ocrx_word' id='word_1_175' title='bbox 667 2420 783 2481; x_wconf 90' lang='lat' dir='ltr'>iterato</span> <span class='ocrx_word' id='word_1_176' title='bbox 808 2421 869 2480; x_wconf 90' lang='lat' dir='ltr'>vid.</span> <span class='ocrx_word' id='word_1_177' title='bbox 895 2422 935 2481; x_wconf 91' lang='lat' dir='ltr'>ad</span> <span class='ocrx_word' id='word_1_178' title='bbox 960 2420 1024 2479; x_wconf 83' lang='lat'>348</span> <span class='ocrx_word' id='word_1_179' title='bbox 1039 2419 1070 2479; x_wconf 81' lang='grc' dir='ltr'>Ο.</span> <span class='ocrx_word' id='word_1_180' title='bbox 1092 2420 1187 2480; x_wconf 86' lang='lat' dir='ltr'>Haud</span> <span class='ocrx_word' id='word_1_181' title='bbox 1206 2418 1348 2479; x_wconf 86' lang='lat' dir='ltr'>difficilis</span> <span class='ocrx_word' id='word_1_182' title='bbox 1360 2417 1416 2478; x_wconf 95' lang='lat' dir='ltr'>ille</span> <span class='ocrx_word' id='word_1_183' title='bbox 1429 2418 1507 2491; x_wconf 87' lang='lat' dir='ltr'>geni·</span> <span class='ocrx_word' id='word_1_184' title='bbox 1607 2496 1608 2501; x_wconf 8' lang='grc' dir='ltr'>ἵ</span> 
     </span>
     <span class='ocr_line' id='line_1_20' title="bbox 335 2531 1506 2611; baseline -0.003 -17"><span class='ocrx_word' id='word_1_185' title='bbox 335 2535 424 2594; x_wconf 89' lang='lat' dir='ltr'>tivus</span> <span class='ocrx_word' id='word_1_186' title='bbox 447 2533 585 2611; x_wconf 78' lang='grc' dir='ltr'><strong><em>πώματος</em></strong></span> <span class='ocrx_word' id='word_1_187' title='bbox 608 2535 771 2608; x_wconf 87' lang='lat' dir='ltr'>explicatu</span> <span class='ocrx_word' id='word_1_188' title='bbox 794 2537 861 2596; x_wconf 94' lang='lat' dir='ltr'>est:</span> <span class='ocrx_word' id='word_1_189' title='bbox 886 2550 960 2595; x_wconf 93' lang='lat' dir='ltr'>oum</span> <span class='ocrx_word' id='word_1_190' title='bbox 985 2535 1072 2594; x_wconf 92' lang='lat' dir='ltr'>enim</span> <span class='ocrx_word' id='word_1_191' title='bbox 1096 2534 1162 2609; x_wconf 89' lang='lat' dir='ltr'>illa,</span> <span class='ocrx_word' id='word_1_192' title='bbox 1186 2549 1268 2606; x_wconf 88' lang='lat' dir='ltr'>quae</span> <span class='ocrx_word' id='word_1_193' title='bbox 1291 2547 1391 2606; x_wconf 90' lang='lat' dir='ltr'>supra</span> <span class='ocrx_word' id='word_1_194' title='bbox 1410 2531 1506 2591; x_wconf 78' lang='lat' dir='ltr'>438ss</span> 
     </span>
     <span class='ocr_line' id='line_1_21' title="bbox 336 2639 1504 2726; baseline -0.004 -19"><span class='ocrx_word' id='word_1_195' title='bbox 336 2649 379 2709; x_wconf 88' lang='lat' dir='ltr'>in.</span> <span class='ocrx_word' id='word_1_196' title='bbox 411 2649 569 2724; x_wconf 90' lang='lat' dir='ltr'>legantur,</span> <span class='ocrx_word' id='word_1_197' title='bbox 602 2645 656 2706; x_wconf 80' lang='grc' dir='ltr'>ὅσα</span> <span class='ocrx_word' id='word_1_198' title='bbox 679 2642 702 2726; x_wconf 81' lang='grc' dir='ltr'>γ’</span> <span class='ocrx_word' id='word_1_199' title='bbox 729 2644 787 2706; x_wconf 77' lang='grc' dir='ltr'><strong><em>ἐστὶ</em></strong></span> <span class='ocrx_word' id='word_1_200' title='bbox 809 2656 930 2707; x_wconf 76' lang='grc' dir='ltr'><strong><em>τοιαῦτα</em></strong></span> <span class='ocrx_word' id='word_1_201' title='bbox 954 2639 1003 2707; x_wconf 82' lang='grc' dir='ltr'><strong><em>οἷοι</em></strong></span> <span class='ocrx_word' id='word_1_202' title='bbox 1028 2641 1105 2706; x_wconf 78' lang='grc' dir='ltr'><strong><em>εἶναι’</em></strong></span> <span class='ocrx_word' id='word_1_203' title='bbox 1125 2668 1178 2706; x_wconf 79' lang='grc' dir='ltr'>τοο</span> <span class='ocrx_word' id='word_1_204' title='bbox 1200 2647 1281 2707; x_wconf 90' lang='lat' dir='ltr'>nihil</span> <span class='ocrx_word' id='word_1_205' title='bbox 1304 2645 1392 2705; x_wconf 89' lang='lat' dir='ltr'>aliud</span> <span class='ocrx_word' id='word_1_206' title='bbox 1416 2643 1504 2718; x_wconf 88' lang='lat' dir='ltr'>signi·</span> 
     </span>
     <span class='ocr_line' id='line_1_22' title="bbox 336 2755 1505 2839; baseline -0.005 -18"><span class='ocrx_word' id='word_1_207' title='bbox 336 2761 434 2823; x_wconf 88' lang='lat' dir='ltr'>ficent</span> <span class='ocrx_word' id='word_1_208' title='bbox 468 2777 566 2835; x_wconf 87' lang='lat' dir='ltr'>quam</span> <span class='ocrx_word' id='word_1_209' title='bbox 598 2759 652 2819; x_wconf 80' lang='lat' dir='ltr'>doe</span> <span class='ocrx_word' id='word_1_210' title='bbox 682 2755 705 2839; x_wconf 83' lang='grc' dir='ltr'>μ’</span> <span class='ocrx_word' id='word_1_211' title='bbox 740 2758 800 2819; x_wconf 76' lang='lat' dir='ltr'>lori</span> <span class='ocrx_word' id='word_1_212' title='bbox 827 2782 889 2837; x_wconf 79' lang='lat' dir='ltr'>roo,</span> <span class='ocrx_word' id='word_1_213' title='bbox 920 2761 1024 2821; x_wconf 89' lang='lat' dir='ltr'>dicere</span> <span class='ocrx_word' id='word_1_214' title='bbox 1052 2761 1128 2820; x_wconf 89' lang='lat' dir='ltr'>licet</span> <span class='ocrx_word' id='word_1_215' title='bbox 1152 2757 1324 2835; x_wconf 74' lang='grc' dir='ltr'><strong><em>ἐπιστήμην,</em></strong></span> <span class='ocrx_word' id='word_1_216' title='bbox 1348 2756 1436 2833; x_wconf 83' lang='grc' dir='ltr'><strong><em>δίψος</em></strong></span> <span class='ocrx_word' id='word_1_217' title='bbox 1459 2759 1505 2816; x_wconf 86' lang='grc'>610</span> 
     </span>
     <span class='ocr_line' id='line_1_23' title="bbox 337 2870 1505 2951; baseline -0.003 -18"><span class='ocrx_word' id='word_1_218' title='bbox 337 2889 408 2934; x_wconf 85' lang='grc'><strong>6666</strong></span> <span class='ocrx_word' id='word_1_219' title='bbox 432 2875 573 2937; x_wconf 78' lang='lat' dir='ltr'>alicuius.</span> <span class='ocrx_word' id='word_1_220' title='bbox 594 2876 759 2936; x_wconf 86' lang='lat' dir='ltr'>Benedicti</span> <span class='ocrx_word' id='word_1_221' title='bbox 779 2878 839 2936; x_wconf 79' lang='lat' dir='ltr'>cam</span> <span class='ocrx_word' id='word_1_222' title='bbox 860 2874 897 2951; x_wconf 80' lang='grc' dir='ltr'>δή</span> <span class='ocrx_word' id='word_1_223' title='bbox 918 2897 971 2934; x_wconf 83' lang='grc' dir='ltr'>σου</span> <span class='ocrx_word' id='word_1_224' title='bbox 991 2891 1047 2949; x_wconf 93' lang='lat' dir='ltr'>pro</span> <span class='ocrx_word' id='word_1_225' title='bbox 1068 2873 1166 2951; x_wconf 81' lang='grc' dir='ltr'><strong><em>δήπου</em></strong></span> <span class='ocrx_word' id='word_1_226' title='bbox 1187 2888 1272 2932; x_wconf 88' lang='lat' dir='ltr'>unus</span> <span class='ocrx_word' id='word_1_227' title='bbox 1285 2873 1367 2932; x_wconf 90' lang='lat' dir='ltr'>Bait.</span> <span class='ocrx_word' id='word_1_228' title='bbox 1382 2870 1505 2944; x_wconf 88' lang='lat' dir='ltr'>recepit,</span> 
     </span>
     <span class='ocr_line' id='line_1_24' title="bbox 336 2972 1504 3062; baseline -0.005 -16"><span class='ocrx_word' id='word_1_229' title='bbox 336 2988 431 3047; x_wconf 92' lang='lat' dir='ltr'>male.</span> <span class='ocrx_word' id='word_1_230' title='bbox 464 2988 533 3045; x_wconf 76' lang='lat' dir='ltr'>Vam</span> <span class='ocrx_word' id='word_1_231' title='bbox 566 2989 591 3048; x_wconf 93' lang='lat' dir='ltr'>L</span> <span class='ocrx_word' id='word_1_232' title='bbox 622 2990 828 3062; x_wconf 75' lang='lat' dir='ltr'>(optimorum</span> <span class='ocrx_word' id='word_1_233' title='bbox 861 2990 959 3059; x_wconf 82' lang='lat' dir='ltr'>codd.)</span> <span class='ocrx_word' id='word_1_234' title='bbox 993 2987 1081 3062; x_wconf 81' lang='grc' dir='ltr'><strong><em>δίψος</em></strong></span> <span class='ocrx_word' id='word_1_235' title='bbox 1109 2983 1138 3046; x_wconf 80' lang='grc' dir='ltr'>δ’</span> <span class='ocrx_word' id='word_1_236' title='bbox 1155 2978 1210 3047; x_wconf 81' lang='grc' dir='ltr'>οὖν</span> <span class='ocrx_word' id='word_1_237' title='bbox 1234 3003 1290 3061; x_wconf 90' lang='lat' dir='ltr'>pro</span> <span class='ocrx_word' id='word_1_238' title='bbox 1314 2985 1403 3062; x_wconf 79' lang='grc' dir='ltr'><strong><em>δίψος</em></strong></span> <span class='ocrx_word' id='word_1_239' title='bbox 1428 2972 1504 3043; x_wconf 77' lang='grc' dir='ltr'>δὀὖ</span> 
     </span>
     <span class='ocr_line' id='line_1_25' title="bbox 336 3098 1504 3178; baseline -0.005 -15"><span class='ocrx_word' id='word_1_240' title='bbox 336 3103 422 3176; x_wconf 89' lang='lat' dir='ltr'>proh.</span> <span class='ocrx_word' id='word_1_241' title='bbox 447 3119 561 3164; x_wconf 90' lang='lat' dir='ltr'>omnes</span> <span class='ocrx_word' id='word_1_242' title='bbox 584 3105 674 3164; x_wconf 84' lang='lat' dir='ltr'>editt.</span> <span class='ocrx_word' id='word_1_243' title='bbox 700 3107 837 3178; x_wconf 88' lang='lat' dir='ltr'>(praeter</span> <span class='ocrx_word' id='word_1_244' title='bbox 860 3103 972 3164; x_wconf 85' lang='lat' dir='ltr'>Stallb.</span> <span class='ocrx_word' id='word_1_245' title='bbox 987 3105 1031 3163; x_wconf 83' lang='lat' dir='ltr'>et</span> <span class='ocrx_word' id='word_1_246' title='bbox 1049 3099 1205 3178; x_wconf 75' lang='lat' dir='ltr'>Aetium),</span> <span class='ocrx_word' id='word_1_247' title='bbox 1226 3101 1323 3176; x_wconf 85' lang='lat' dir='ltr'>male,</span> <span class='ocrx_word' id='word_1_248' title='bbox 1344 3099 1419 3173; x_wconf 87' lang='lat' dir='ltr'>quia</span> <span class='ocrx_word' id='word_1_249' title='bbox 1438 3098 1504 3173; x_wconf 87' lang='lat' dir='ltr'>post</span> 
     </span>
     <span class='ocr_line' id='line_1_26' title="bbox 337 3209 1502 3293; baseline -0.004 -18"><span class='ocrx_word' id='word_1_250' title='bbox 337 3215 449 3275; x_wconf 80' lang='grc' dir='ltr'><strong><em>οὐκοῦν</em></strong></span> <span class='ocrx_word' id='word_1_251' title='bbox 481 3217 620 3278; x_wconf 89' lang='lat' dir='ltr'>alterum</span> <span class='ocrx_word' id='word_1_252' title='bbox 653 3209 708 3277; x_wconf 77' lang='grc' dir='ltr'>οὖν</span> <span class='ocrx_word' id='word_1_253' title='bbox 731 3219 825 3293; x_wconf 91' lang='lat' dir='ltr'>plane</span> <span class='ocrx_word' id='word_1_254' title='bbox 849 3220 1000 3279; x_wconf 85' lang='lat' dir='ltr'>otiosum.</span> <span class='ocrx_word' id='word_1_255' title='bbox 1027 3216 1154 3290; x_wconf 79' lang='lat' dir='ltr'>corrige</span> <span class='ocrx_word' id='word_1_256' title='bbox 1178 3218 1273 3277; x_wconf 90' lang='lat' dir='ltr'>sodes</span> <span class='ocrx_word' id='word_1_257' title='bbox 1296 3213 1390 3292; x_wconf 81' lang='grc' dir='ltr'><strong><em>μόνον</em></strong></span> <span class='ocrx_word' id='word_1_258' title='bbox 1414 3209 1502 3285; x_wconf 78' lang='grc' dir='ltr'>[αὐτὸ]</span> 
     </span>
     <span class='ocr_line' id='line_1_27' title="bbox 338 3325 1506 3408; baseline -0.003 -20"><span class='ocrx_word' id='word_1_259' title='bbox 338 3328 427 3405; x_wconf 83' lang='grc' dir='ltr'><strong><em>δίψος</em></strong></span> <span class='ocrx_word' id='word_1_260' title='bbox 457 3327 600 3408; x_wconf 81' lang='grc' dir='ltr'>πέφυκεν,</span> <span class='ocrx_word' id='word_1_261' title='bbox 626 3332 710 3392; x_wconf 78' lang='lat' dir='ltr'>sicut</span> <span class='ocrx_word' id='word_1_262' title='bbox 734 3331 835 3392; x_wconf 81' lang='lat'>4380</span> <span class='ocrx_word' id='word_1_263' title='bbox 859 3329 1003 3408; x_wconf 79' lang='grc' dir='ltr'><strong><em>ἐπιστήμη</em></strong></span> <span class='ocrx_word' id='word_1_264' title='bbox 1027 3327 1102 3406; x_wconf 76' lang='grc' dir='ltr'><strong><em>αὐτὴ</em></strong></span> <span class='ocrx_word' id='word_1_265' title='bbox 1127 3328 1304 3406; x_wconf 80' lang='grc' dir='ltr'><strong><em>μαθήματος</em></strong></span> <span class='ocrx_word' id='word_1_266' title='bbox 1332 3326 1426 3387; x_wconf 82' lang='grc' dir='ltr'><strong><em>αὐτοῦ</em></strong></span> <span class='ocrx_word' id='word_1_267' title='bbox 1449 3325 1506 3386; x_wconf 77' lang='grc' dir='ltr'><strong><em>ἔπι-</em></strong></span> 
     </span>
     <span class='ocr_line' id='line_1_28' title="bbox 286 3434 1505 3525; baseline -0.003 -24"><span class='ocrx_word' id='word_1_268' title='bbox 286 3443 434 3520; x_wconf 82' lang='grc' dir='ltr'><strong><em>Βσιήμη</em></strong></span> <span class='ocrx_word' id='word_1_269' title='bbox 466 3441 543 3504; x_wconf 79' lang='grc' dir='ltr'><strong><em>ἐστὶν</em></strong></span> <span class='ocrx_word' id='word_1_270' title='bbox 566 3445 693 3520; x_wconf 89' lang='lat' dir='ltr'>legitur,</span> <span class='ocrx_word' id='word_1_271' title='bbox 721 3461 784 3504; x_wconf 81' lang='lat' dir='ltr'>aea</span> <span class='ocrx_word' id='word_1_272' title='bbox 812 3441 962 3520; x_wconf 75' lang='grc' dir='ltr'>(αὐτή)</span> <span class='ocrx_word' id='word_1_273' title='bbox 995 3441 1138 3521; x_wconf 78' lang='grc' dir='ltr'><strong><em>ἐπιστήμη</em></strong></span> <span class='ocrx_word' id='word_1_274' title='bbox 1163 3440 1247 3501; x_wconf 78' lang='grc' dir='ltr'><strong><em>ἐστίν.</em></strong></span> <span class='ocrx_word' id='word_1_275' title='bbox 1273 3434 1291 3525; x_wconf 86' lang='grc' dir='ltr'>ΙΙ</span> <span class='ocrx_word' id='word_1_276' title='bbox 1315 3441 1456 3515; x_wconf 85' lang='lat' dir='ltr'>Vulgata</span> <span class='ocrx_word' id='word_1_277' title='bbox 1477 3439 1505 3498; x_wconf 86' lang='grc' dir='ltr'>ιό</span> 
     </span>
     <span class='ocr_line' id='line_1_29' title="bbox 338 3555 1506 3641; baseline -0.004 -24"><span class='ocrx_word' id='word_1_278' title='bbox 338 3579 369 3637; x_wconf 83' lang='grc' dir='ltr'>γε</span> <span class='ocrx_word' id='word_1_279' title='bbox 393 3557 466 3618; x_wconf 79' lang='grc' dir='ltr'><strong>αὐτὸ</strong></span> <span class='ocrx_word' id='word_1_280' title='bbox 488 3568 527 3641; x_wconf 75' lang='grc' dir='ltr'>τῷ</span> <span class='ocrx_word' id='word_1_281' title='bbox 551 3556 630 3641; x_wconf 79' lang='grc' dir='ltr'><strong><em>αὐτῷ</em></strong></span> <span class='ocrx_word' id='word_1_282' title='bbox 654 3555 761 3618; x_wconf 75' lang='grc' dir='ltr'><strong><em>ἑαυτοῦ</em></strong></span> <span class='ocrx_word' id='word_1_283' title='bbox 785 3555 850 3637; x_wconf 81' lang='grc' dir='ltr'><strong>περὶ</strong></span> <span class='ocrx_word' id='word_1_284' title='bbox 874 3555 905 3616; x_wconf 87' lang='grc' dir='ltr'>τὸ</span> <span class='ocrx_word' id='word_1_285' title='bbox 929 3555 1001 3617; x_wconf 81' lang='grc' dir='ltr'><strong><em>αὐτὸ</em></strong></span> <span class='ocrx_word' id='word_1_286' title='bbox 1022 3560 1071 3615; x_wconf 79' lang='grc' dir='ltr'>κτλ</span> <span class='ocrx_word' id='word_1_287' title='bbox 1092 3573 1172 3616; x_wconf 83' lang='lat' dir='ltr'>sana</span> <span class='ocrx_word' id='word_1_288' title='bbox 1193 3572 1256 3616; x_wconf 90' lang='lat' dir='ltr'>non</span> <span class='ocrx_word' id='word_1_289' title='bbox 1275 3559 1336 3631; x_wconf 78' lang='lat' dir='ltr'>esi,</span> <span class='ocrx_word' id='word_1_290' title='bbox 1358 3556 1442 3629; x_wconf 87' lang='lat' dir='ltr'>quod</span> <span class='ocrx_word' id='word_1_291' title='bbox 1461 3555 1506 3614; x_wconf 84' lang='lat' dir='ltr'>bis</span> 
     </span>
     <span class='ocr_line' id='line_1_30' title="bbox 337 3665 1506 3753; baseline -0.007 -20"><span class='ocrx_word' id='word_1_292' title='bbox 337 3674 423 3733; x_wconf 91' lang='lat' dir='ltr'>idem</span> <span class='ocrx_word' id='word_1_293' title='bbox 456 3672 582 3747; x_wconf 83' lang='lat' dir='ltr'>dicitur,</span> <span class='ocrx_word' id='word_1_294' title='bbox 613 3687 690 3731; x_wconf 89' lang='lat' dir='ltr'>nam</span> <span class='ocrx_word' id='word_1_295' title='bbox 721 3680 759 3753; x_wconf 73' lang='grc' dir='ltr'>σιμ</span> <span class='ocrx_word' id='word_1_296' title='bbox 791 3668 870 3753; x_wconf 70' lang='grc' dir='ltr'><strong><em>αὐτῷ</em></strong></span> <span class='ocrx_word' id='word_1_297' title='bbox 901 3667 1008 3730; x_wconf 77' lang='grc' dir='ltr'><strong><em>ἑαυτοῦ</em></strong></span> <span class='ocrx_word' id='word_1_298' title='bbox 1038 3665 1506 3747; x_wconf 74' lang='grc' dir='ltr'><strong>11616616οπερὶτὸαύτό.</strong></span> 
     </span>
    </p>
   </div>
   <div class='ocr_carea' id='block_1_3' title="bbox 335 3947 1607 4634">
    <p class='ocr_par' dir='ltr' id='par_1_3' title="bbox 338 3947 1506 4172">
     <span class='ocr_line' id='line_1_31' title="bbox 372 3947 1506 4013; baseline -0.005 -12"><span class='ocrx_word' id='word_1_299' title='bbox 372 3951 390 4013; x_wconf 86' lang='lat'>¹)</span> <span class='ocrx_word' id='word_1_300' title='bbox 412 3954 534 4001; x_wconf 81' lang='lat' dir='ltr'>Eiusdem</span> <span class='ocrx_word' id='word_1_301' title='bbox 556 3954 698 4001; x_wconf 82' lang='lat' dir='ltr'>sententiae</span> <span class='ocrx_word' id='word_1_302' title='bbox 718 3954 798 4000; x_wconf 82' lang='lat' dir='ltr'>fuisse</span> <span class='ocrx_word' id='word_1_303' title='bbox 821 3953 871 4000; x_wconf 77' lang='lat' dir='ltr'>iem</span> <span class='ocrx_word' id='word_1_304' title='bbox 895 3951 1022 4012; x_wconf 86' lang='lat' dir='ltr'>quendam</span> <span class='ocrx_word' id='word_1_305' title='bbox 1041 3965 1063 3998; x_wconf 85' lang='lat' dir='ltr'>v.</span> <span class='ocrx_word' id='word_1_306' title='bbox 1083 3951 1106 3997; x_wconf 88' lang='lat' dir='ltr'>d.</span> <span class='ocrx_word' id='word_1_307' title='bbox 1125 3965 1138 3997; x_wconf 91' lang='lat' dir='ltr'>e</span> <span class='ocrx_word' id='word_1_308' title='bbox 1155 3952 1243 3999; x_wconf 79' lang='lat' dir='ltr'>Dianio</span> <span class='ocrx_word' id='word_1_309' title='bbox 1261 3951 1391 4009; x_wconf 80' lang='lat' dir='ltr'>Aoedemy</span> <span class='ocrx_word' id='word_1_310' title='bbox 1409 3947 1444 3997; x_wconf 92' lang='lat' dir='ltr'>n⁰.</span> <span class='ocrx_word' id='word_1_311' title='bbox 1463 3952 1506 3998; x_wconf 77' lang='lat'>824</span> 
     </span>
     <span class='ocr_line' id='line_1_32' title="bbox 339 4031 1506 4093; baseline -0.003 -13"><span class='ocrx_word' id='word_1_312' title='bbox 339 4035 453 4093; x_wconf 85' lang='lat' dir='ltr'>cognovi.</span> <span class='ocrx_word' id='word_1_313' title='bbox 469 4033 542 4080; x_wconf 92' lang='lat' dir='ltr'>Idem</span> <span class='ocrx_word' id='word_1_314' title='bbox 560 4036 694 4093; x_wconf 84' lang='lat' dir='ltr'>praeterea</span> <span class='ocrx_word' id='word_1_315' title='bbox 710 4034 869 4080; x_wconf 69' lang='lat' dir='ltr'>verberatae</span> <span class='ocrx_word' id='word_1_316' title='bbox 887 4034 942 4093; x_wconf 76' lang='grc' dir='ltr'>ὅπερ</span> <span class='ocrx_word' id='word_1_317' title='bbox 958 4033 1019 4077; x_wconf 71' lang='grc' dir='ltr'><strong><em>ἐστὶν</em></strong></span> <span class='ocrx_word' id='word_1_318' title='bbox 1034 4045 1048 4077; x_wconf 84' lang='lat' dir='ltr'>a</span> <span class='ocrx_word' id='word_1_319' title='bbox 1064 4031 1142 4077; x_wconf 87' lang='lat' dir='ltr'>verbo</span> <span class='ocrx_word' id='word_1_320' title='bbox 1158 4035 1238 4090; x_wconf 73' lang='grc' dir='ltr'><strong><em>θήσεις</em></strong></span> <span class='ocrx_word' id='word_1_321' title='bbox 1252 4031 1365 4091; x_wconf 91' lang='lat' dir='ltr'>pendere</span> <span class='ocrx_word' id='word_1_322' title='bbox 1382 4031 1506 4078; x_wconf 84' lang='lat' dir='ltr'>censebat.</span> 
     </span>
     <span class='ocr_line' id='line_1_33' title="bbox 338 4109 1210 4172; baseline -0.006 -12"><span class='ocrx_word' id='word_1_323' title='bbox 338 4114 478 4172; x_wconf 85' lang='lat' dir='ltr'>Utramque</span> <span class='ocrx_word' id='word_1_324' title='bbox 497 4113 643 4172; x_wconf 86' lang='lat' dir='ltr'>opinionem</span> <span class='ocrx_word' id='word_1_325' title='bbox 661 4112 756 4158; x_wconf 91' lang='lat' dir='ltr'>ibidem</span> <span class='ocrx_word' id='word_1_326' title='bbox 776 4113 800 4158; x_wconf 90' lang='lat' dir='ltr'>J.</span> <span class='ocrx_word' id='word_1_327' title='bbox 819 4112 887 4158; x_wconf 83' lang='lat' dir='ltr'>Goolr</span> <span class='ocrx_word' id='word_1_328' title='bbox 906 4111 1033 4157; x_wconf 85' lang='lat' dir='ltr'>Wilsonus</span> <span class='ocrx_word' id='word_1_329' title='bbox 1051 4109 1210 4168; x_wconf 83' lang='lat' dir='ltr'>improbavit.</span> 
     </span>
    </p>

    <p class='ocr_par' dir='ltr' id='par_1_4' title="bbox 335 4187 1507 4476">
     <span class='ocr_line' id='line_1_34' title="bbox 371 4187 1507 4256; baseline -0.003 -19"><span class='ocrx_word' id='word_1_330' title='bbox 371 4187 391 4256; x_wconf 76' lang='lat'>²)</span> <span class='ocrx_word' id='word_1_331' title='bbox 411 4196 445 4237; x_wconf 78' lang='grc' dir='ltr'>Τά</span> <span class='ocrx_word' id='word_1_332' title='bbox 463 4208 523 4245; x_wconf 75' lang='grc' dir='ltr'><strong><em>τινος</em></strong></span> <span class='ocrx_word' id='word_1_333' title='bbox 540 4196 600 4239; x_wconf 87' lang='lat' dir='ltr'>aunt</span> <span class='ocrx_word' id='word_1_334' title='bbox 618 4206 656 4253; x_wconf 88' lang='lat' dir='ltr'>ea,</span> <span class='ocrx_word' id='word_1_335' title='bbox 674 4206 740 4251; x_wconf 87' lang='lat' dir='ltr'>quae</span> <span class='ocrx_word' id='word_1_336' title='bbox 758 4192 843 4250; x_wconf 85' lang='lat' dir='ltr'>aliqua</span> <span class='ocrx_word' id='word_1_337' title='bbox 862 4205 889 4236; x_wconf 86' lang='lat' dir='ltr'>re</span> <span class='ocrx_word' id='word_1_338' title='bbox 907 4189 1008 4237; x_wconf 89' lang='lat' dir='ltr'>definiri</span> <span class='ocrx_word' id='word_1_339' title='bbox 1028 4189 1111 4234; x_wconf 84' lang='lat' dir='ltr'>solent</span> <span class='ocrx_word' id='word_1_340' title='bbox 1129 4188 1144 4234; x_wconf 92' lang='lat' dir='ltr'>i.</span> <span class='ocrx_word' id='word_1_341' title='bbox 1164 4202 1185 4235; x_wconf 92' lang='lat' dir='ltr'>e.</span> <span class='ocrx_word' id='word_1_342' title='bbox 1204 4202 1269 4248; x_wconf 85' lang='lat' dir='ltr'>quae</span> <span class='ocrx_word' id='word_1_343' title='bbox 1287 4203 1334 4249; x_wconf 88' lang='lat' dir='ltr'>per</span> <span class='ocrx_word' id='word_1_344' title='bbox 1353 4203 1381 4235; x_wconf 89' lang='grc'>66</span> <span class='ocrx_word' id='word_1_345' title='bbox 1395 4193 1507 4249; x_wconf 81' lang='lat' dir='ltr'>spectata</span> 
     </span>
     <span class='ocr_line' id='line_1_35' title="bbox 336 4268 1507 4330; baseline -0.002 -14"><span class='ocrx_word' id='word_1_346' title='bbox 336 4271 401 4316; x_wconf 91' lang='lat' dir='ltr'>nihil</span> <span class='ocrx_word' id='word_1_347' title='bbox 425 4271 494 4316; x_wconf 84' lang='lat' dir='ltr'>aliud</span> <span class='ocrx_word' id='word_1_348' title='bbox 517 4271 662 4330; x_wconf 83' lang='lat' dir='ltr'>significant</span> <span class='ocrx_word' id='word_1_349' title='bbox 685 4285 763 4330; x_wconf 87' lang='lat' dir='ltr'>quam</span> <span class='ocrx_word' id='word_1_350' title='bbox 787 4270 912 4316; x_wconf 86' lang='lat' dir='ltr'>actionem</span> <span class='ocrx_word' id='word_1_351' title='bbox 936 4269 963 4314; x_wconf 90' lang='lat' dir='ltr'>in</span> <span class='ocrx_word' id='word_1_352' title='bbox 985 4269 1143 4322; x_wconf 86' lang='lat' dir='ltr'>universum,</span> <span class='ocrx_word' id='word_1_353' title='bbox 1166 4268 1203 4314; x_wconf 81' lang='lat' dir='ltr'>aio</span> <span class='ocrx_word' id='word_1_354' title='bbox 1220 4269 1280 4328; x_wconf 67' lang='grc' dir='ltr'>δίψα</span> <span class='ocrx_word' id='word_1_355' title='bbox 1298 4271 1337 4314; x_wconf 88' lang='grc'>661</span> <span class='ocrx_word' id='word_1_356' title='bbox 1355 4269 1381 4313; x_wconf 79' lang='grc' dir='ltr'>τὸ</span> <span class='ocrx_word' id='word_1_357' title='bbox 1400 4269 1507 4328; x_wconf 62' lang='lat' dir='ltr'>daunai</span> 
     </span>
     <span class='ocr_line' id='line_1_36' title="bbox 336 4346 1507 4410; baseline -0.003 -14"><span class='ocrx_word' id='word_1_358' title='bbox 336 4354 449 4410; x_wconf 69' lang='grc' dir='ltr'><strong><em>ἐπιστήμη</em></strong></span> <span class='ocrx_word' id='word_1_359' title='bbox 474 4350 500 4395; x_wconf 67' lang='lat' dir='ltr'>ad</span> <span class='ocrx_word' id='word_1_360' title='bbox 526 4354 676 4404; x_wconf 66' lang='grc' dir='ltr'>ἐπίστασθαι,</span> <span class='ocrx_word' id='word_1_361' title='bbox 707 4350 753 4395; x_wconf 87' lang='lat' dir='ltr'>sed</span> <span class='ocrx_word' id='word_1_362' title='bbox 785 4349 806 4394; x_wconf 84' lang='lat' dir='ltr'>ei</span> <span class='ocrx_word' id='word_1_363' title='bbox 832 4349 918 4406; x_wconf 85' lang='lat' dir='ltr'>aliquo</span> <span class='ocrx_word' id='word_1_364' title='bbox 945 4346 1069 4393; x_wconf 84' lang='lat' dir='ltr'>attributo</span> <span class='ocrx_word' id='word_1_365' title='bbox 1095 4346 1260 4403; x_wconf 88' lang='lat' dir='ltr'>definiuntur,</span> <span class='ocrx_word' id='word_1_366' title='bbox 1282 4349 1337 4392; x_wconf 89' lang='lat' dir='ltr'>tum</span> <span class='ocrx_word' id='word_1_367' title='bbox 1363 4347 1507 4404; x_wconf 80' lang='lat' dir='ltr'>generalem</span> 
     </span>
     <span class='ocr_line' id='line_1_37' title="bbox 335 4428 732 4476; baseline -0.005 -1"><span class='ocrx_word' id='word_1_368' title='bbox 335 4430 462 4476; x_wconf 82' lang='lat' dir='ltr'>actionem</span> <span class='ocrx_word' id='word_1_369' title='bbox 480 4428 586 4475; x_wconf 80' lang='lat' dir='ltr'>definire</span> <span class='ocrx_word' id='word_1_370' title='bbox 604 4428 732 4474; x_wconf 81' lang='lat' dir='ltr'>desinunt.</span> 
     </span>
    </p>

    <p class='ocr_par' dir='ltr' id='par_1_5' title="bbox 338 4493 1607 4634">
     <span class='ocr_line' id='line_1_38' title="bbox 369 4493 1607 4566; baseline -0.002 -13"><span class='ocrx_word' id='word_1_371' title='bbox 369 4504 389 4565; x_wconf 77' lang='lat'>³)</span> <span class='ocrx_word' id='word_1_372' title='bbox 412 4509 520 4554; x_wconf 81' lang='lat' dir='ltr'>Proreus</span> <span class='ocrx_word' id='word_1_373' title='bbox 543 4521 644 4554; x_wconf 90' lang='lat' dir='ltr'>mecum</span> <span class='ocrx_word' id='word_1_374' title='bbox 668 4507 730 4553; x_wconf 83' lang='lat' dir='ltr'>facit</span> <span class='ocrx_word' id='word_1_375' title='bbox 753 4505 893 4552; x_wconf 81' lang='lat' dir='ltr'>Schneider</span> <span class='ocrx_word' id='word_1_376' title='bbox 911 4502 961 4565; x_wconf 91' lang='lat' dir='ltr'>(ed.</span> <span class='ocrx_word' id='word_1_377' title='bbox 980 4499 1071 4566; x_wconf 84' lang='lat' dir='ltr'>Paris.)</span> <span class='ocrx_word' id='word_1_378' title='bbox 1089 4518 1187 4550; x_wconf 89' lang='lat' dir='ltr'>necnon</span> <span class='ocrx_word' id='word_1_379' title='bbox 1205 4505 1225 4549; x_wconf 93' lang='lat' dir='ltr'>I.</span> <span class='ocrx_word' id='word_1_380' title='bbox 1243 4505 1359 4562; x_wconf 83' lang='lat' dir='ltr'>Bywater</span> <span class='ocrx_word' id='word_1_381' title='bbox 1377 4504 1403 4550; x_wconf 92' lang='lat' dir='ltr'>in</span> <span class='ocrx_word' id='word_1_382' title='bbox 1421 4506 1505 4552; x_wconf 87' lang='lat' dir='ltr'>Jonm.</span> <span class='ocrx_word' id='word_1_383' title='bbox 1606 4493 1607 4496; x_wconf 9' lang='grc' dir='ltr'><strong>Ἴ</strong></span> 
     </span>
     <span class='ocr_line' id='line_1_39' title="bbox 338 4587 566 4634; baseline 0 -1"><span class='ocrx_word' id='word_1_384' title='bbox 338 4587 367 4633; x_wconf 83' lang='lat' dir='ltr'>of</span> <span class='ocrx_word' id='word_1_385' title='bbox 381 4587 474 4633; x_wconf 90' lang='lat' dir='ltr'>Philol.</span> <span class='ocrx_word' id='word_1_386' title='bbox 494 4588 566 4634; x_wconf 77' lang='lat'>1874.</span> 
     </span>
    </p>
   </div>
   <div class='ocr_carea' id='block_1_4' title="bbox 0 0 1638 5092">
    <p class='ocr_par' dir='ltr' id='par_1_6' title="bbox 0 0 1638 5092">
     <span class='ocr_line' id='line_1_40' title="bbox 0 0 1638 5092; baseline 0 0"><span class='ocrx_word' id='word_1_387' title='bbox 0 0 1638 5092; x_wconf 95' lang='lat' dir='ltr'> </span> 
     </span>
    </p>
   </div>
  </div>
 </body>
</html>
