3278 5098
846 322 905 368 xvi

286 497 376 570 potui
407 496 648 557 emendationes
679 497 751 557 inde
788 498 951 557 aBaiteri
974 497 1114 557 editione
1138 499 1253 569 quarta
1279 497 1311 573 (i.
1337 515 1364 559 e.
1389 497 1463 559 inde

288 610 327 670 ab
351 625 434 668 anno
461 611 556 702 1374)
589 625 691 683 usque
727 611 767 670 ad
792 611 868 669 anni
892 609 1127 670 MDOGGXGIV
1151 609 1250 670 finem
1273 627 1292 671 a
1314 612 1464 685 plurimis

196 755 198 760 ·
290 724 367 783 viris
391 705 493 783 doctis
516 722 658 796 prolatas
682 724 872 784 memoravi.
899 724 990 783 Hanc
1014 725 1101 783 enim
1121 724 1196 784 boni
1216 725 1348 785 editoris
1366 725 1463 785 officii

288 838 415 910 partem
445 836 511 895 fere
542 851 670 910 semper
702 838 840 897 editores
868 837 1039 896 novissimi
1062 837 1274 909 neglexerunt
1297 839 1366 898 sive
1389 839 1463 898 illas

289 949 531 1010 emendationes
564 954 711 1022 (quarum
742 950 809 1009 fere
839 964 903 1010 non
934 965 999 1009 una
1029 953 1080 1009 est
1106 966 1205 1022 quam
1228 966 1291 1010 non
1313 953 1462 1020 tractavi]

212 1064 214 1068 ’
290 1063 452 1123 mentione
484 1063 633 1136 indignas
664 1062 820 1122 habentes
853 1065 922 1122 sive
952 1079 1065 1122 earum
1089 1063 1340 1136 colligendarum
1364 1066 1463 1124 taedii

289 1177 420 1250 plenum
452 1191 532 1249 opus
563 1177 769 1248 refugientes,
802 1177 969 1236 Postremo
1001 1177 1173 1236 nonnullas
1204 1178 1403 1251 suspiciones
1431 1180 1464 1236 et

289 1291 490 1350 coniecturas
521 1307 537 1349 e
569 1307 642 1350 mea
673 1306 754 1363 gaza
785 1293 927 1365 prompsi
958 1292 1120 1363 imprimis
1155 1291 1327 1350 attendens
1361 1291 1463 1350 sicubi

289 1403 410 1462 librarii
446 1404 554 1476 spuria
589 1419 662 1462 cum
698 1405 846 1476 genuinis
886 1405 1106 1478 miscuissent,
1142 1420 1216 1463 cnm
1253 1404 1333 1463 mihi
1367 1387 1463 1476 probe

290 1531 482 1588 persuasum
514 1517 557 1575 sit
588 1517 731 1576 Platonis
759 1518 879 1591 scripta
903 1517 1037 1576 insulsis
1061 1518 1291 1576 additamentis
1317 1511 1337 1586 ¹)
1362 1516 1462 1576 maxi-

292 1645 364 1689 mas
383 1629 472 1688 labes
493 1631 703 1690 contraxisse.
725 1631 786 1690 Hic
807 1631 873 1689 illic
893 1631 1154 1704 orthographiam
1167 1631 1313 1690 tractavi
1333 1632 1366 1689 et
1377 1630 1464 1690 locos

291 1743 414 1815 aliquot
437 1744 590 1803 obscuros
612 1744 817 1817 interpretari
841 1746 937 1815 atque
961 1743 1134 1816 explanare
1159 1745 1295 1816 suscepi.

335 1856 503 1916 Praefandi
538 1855 637 1916 finem
669 1857 791 1916 faciens
822 1870 877 1915 eos
909 1857 1024 1929 quibus
1056 1857 1207 1915 audacior
1237 1829 1337 1914 fuisse
1374 1857 1464 1914 visus

292 1969 420 2044 luerim,
448 1970 578 2041 rogatos
602 1969 700 2028 velim
729 1985 768 2029 ne
793 1970 1016 2044 succenseant,
1041 1969 1097 2028 sed
1121 1959 1326 2028 recordentur
1350 1983 1464 2028 verum

292 2098 333 2142 ex
356 2083 542 2157 opinionum
568 2084 771 2143 contentione
796 2082 892 2160 ὥσπερ
918 2081 949 2140 ἐκ
972 2081 1102 2160 πυρείων
1126 2079 1282 2158 ἐκλάμψαι.

324 2289 412 2347 uagae
430 2255 558 2336 domitum
576 2289 766 2336 uuoccxcvr

391 2393 412 2425 a.
431 2379 455 2424 d.
474 2379 518 2425 XV
535 2381 584 2426 kal.
603 2381 680 2426 Mart.

294 2525 510 2532 n—..—-.-..-

326 2630 343 2693 ¹)
362 2632 500 2678 Verissime
518 2632 659 2678 Schanaius
676 2631 790 2689 (Studien
809 2645 834 2690 p.
852 2631 893 2685 30)
912 2633 974 2689 „Die
992 2633 1190 2692 Hauptaulgabe
1208 2632 1253 2678 des
1273 2633 1464 2678 Plutooritikers

291 2711 352 2756 wird
370 2711 462 2756 immer
480 2711 521 2757 die
539 2713 602 2772 sein,
620 2711 661 2757 die
679 2711 762 2757 vielen
779 2713 907 2758 unechten
924 2712 1030 2758 Zusiitse
1048 2710 1273 2758 euszuscheiden.”
