3278 5098
861 323 903 384 58

299 526 356 586 pro
386 508 430 569 δἐι
460 501 483 569 ἀ
513 508 672 586 θαυμάσιε.
699 511 750 571 Ad
774 509 890 588 ὥρμησε
904 556 909 568 .
924 555 929 568 .
943 556 949 568 .
962 509 1054 569 εἰπεῖν
1077 509 1209 585 (lamph.
1235 511 1379 584 apposite
1404 526 1474 571 con·
1570 497 1573 504 ’

9 687 11 710 Ι
298 624 372 684 tulit
396 623 512 685 Herod.
538 626 568 684 6.
593 625 633 684 81
658 631 711 684 τοῦ
736 619 768 684 δὲ
790 621 876 683 ἕνεκα
896 619 912 682 δ
932 621 1018 701 λόγος
1038 621 1098 699 ὅδε,
1117 613 1140 682 ὦ
1161 625 1325 698 Ἀθηναῖοι,
1345 619 1476 700 ὡρμήθη

9 717 11 726 ¹
245 735 434 816 Ελέμεσθαι
467 735 496 808 ἐς
531 734 633 814 ὑμέας,
666 736 819 816 εἰρήσεται.
855 730 874 821 Ι)
910 738 987 798 Post
1021 733 1201 814 λελειμμένοι
1232 737 1344 798 Stallb.
1375 753 1475 812 prave

9 795 13 938 )
298 865 427 912 comma
447 851 567 912 omisit.
589 851 671 912 Malo
693 867 719 912 o.
741 851 929 912 Richardsio
951 847 1065 928 (Oiass.
1087 851 1166 910 Rev.
1183 847 1279 927 1893)
1294 852 1369 911 ante
1386 848 1477 922 δόξας

9 941 12 1124 Ι
297 979 404 1040 praep.
437 962 486 1023 διὰ
514 965 656 1026 inserere
677 980 776 1037 quam
801 966 841 1026 ad
865 963 953 1036 δόξας
977 966 1088 1024 111ο111ο
1112 964 1261 1038 supplere
1285 961 1416 1023 ἐπαινῶν
1442 966 1476 1024 et

9 1129 10 1158 ,
297 1074 407 1157 ψέγων.
431 1079 469 1137 In
494 1080 556 1139 367
582 1078 608 1137 D
631 1093 757 1152 quoque
781 1075 834 1155 (ὡς
858 1075 914 1156 ἐγὼ
937 1086 996 1136 τῶν
1015 1073 1069 1154 μὲν
1089 1073 1185 1136 ἀλλων
1205 1074 1267 1154 κτλ)
1287 1079 1360 1152 post
1380 1076 1476 1149 οὕτως

296 1191 464 1266 participia
497 1187 750 1270 (ἐγκωμιαζόντων
780 1189 830 1251 καὶ
860 1189 1089 1269 λοιδορούντων)
1121 1205 1186 1250 non
1213 1191 1340 1269 desunt,
1364 1206 1475 1265 quam·

297 1323 396 1381 quam
431 1305 524 1378 οὕτως
559 1305 762 1368 ἐπαινούντων
796 1309 864 1368 iam
894 1306 1055 1382 significat
1087 1304 1175 1378 δόξας
1203 1327 1233 1365 τε
1264 1302 1314 1364 καὶ
1345 1303 1476 1382 μισθοὺς

296 1419 363 1500 περὶ
394 1419 492 1481 αὐτῶν
525 1417 736 1481 ἐπαινούντων.
761 1423 821 1482 Pro
845 1415 891 1480 ἀπ’
919 1420 1018 1481 αὐτῶν
1042 1420 1156 1481 malim
1181 1413 1228 1478 lul
1254 1415 1366 1478 αάτοῖν.
1390 1418 1475 1478 Invi·

296 1535 382 1596 diem
411 1535 582 1595 verborum
605 1531 655 1593 καὶ
677 1533 834 1594 λανθάνον
856 1533 949 1605 θιοάς
972 1555 1002 1593 τε
1027 1531 1077 1592 καὶ
1100 1529 1284 1612 ἀνθρώπους
1305 1533 1377 1606 jure
1400 1531 1472 1592 Adi·

297 1651 430 1710 mantus
457 1649 541 1709 inira
572 1649 689 1710 minuit
711 1649 845 1710 dicendo
869 1645 921 1708 ἐάν
944 1669 973 1707 τε
995 1624 1134 1732 λανθάνῃ
1158 1645 1225 1708 ἐάν
1248 1669 1285 1708 ιε
1308 1645 1356 1724 μὴ
1380 1645 1475 1716 θεοάς

196 1796 199 1802 ·
297 1783 326 1821 τε
349 1759 399 1821 καὶ
422 1759 613 1841 ἀνθρώπους.

152 1879 215 1938 367
244 1873 275 1940 Α
342 1875 457 1936 Veneti
489 1877 523 1934 Π
549 1876 722 1937 lectionem
754 1872 873 1947 ἕκαστος
905 1871 1093 1954 <ἀρισεος>
1120 1877 1207 1936 1οο1ο
1230 1873 1329 1935 Bckk.
1355 1874 1389 1933 et
1410 1873 1475 1933 Ast

297 1991 495 2063 receperunt.
521 1991 559 2050 ln
582 1991 653 2050 Per.
675 1990 703 2048 A
723 1991 852 2064 propter
874 1989 1158 2050 homoeoteleuton
1177 1985 1293 2066 ἀριστος
1313 1985 1474 2047 excidisse

298 2103 434 2164 videtur.
459 2103 533 2163 Mox
556 2105 643 2164 recte
667 2102 797 2177 campo.
819 2108 852 2163 et
871 2103 981 2163 Baiter
1001 2101 1040 2174 ἀς
1060 2096 1083 2182 γ’
1106 2099 1170 2179 ἐμοί
1190 2101 1275 2161 δοκεῖ
1289 2101 1472 2174 servarunt,

245 2209 274 2274 Β
298 2217 362 2278 vid.
395 2216 435 2276 ad
466 2217 529 2276 352
561 2216 597 2277 D.
623 2208 643 2299 Ι)
667 2217 795 2290 corrige
827 2215 862 2276 οά
894 2213 927 2275 τὸ
955 2216 1053 2298 δοκεῖν
1082 2208 1227 2288 <εῖναι>
1254 2213 1391 2290 φήσομεν
1414 2216 1476 2290 κτλ,

297 2330 381 2404 quod
412 2330 452 2391 ad
483 2345 623 2402 sequens
655 2328 752 2388 δοκεῖν
785 2330 919 2391 verbum
951 2322 1026 2389 εἶναι
1058 2329 1200 2404 suppleri
1229 2327 1384 2403 nequibit,
1409 2326 1474 2386 nisi

296 2443 519 2520 praecesserit,
551 2459 650 2516 quam
674 2443 885 2503 omissionem
909 2444 975 2504 iam
1000 2443 1111 2504 Stallb.
1137 2438 1249 2520 (1829)
1273 2455 1368 2514 aegre
1393 2440 1472 2501 tule-

251 2550 275 2618 (1
297 2559 358 2619 rat.
383 2550 403 2642 Ι)
427 2558 497 2617 Μ
530 2558 553 2617 L
580 2555 612 2616 τὸ
636 2552 669 2616 δὲ
692 2553 797 2616 ἀδικον
821 2554 900 2639 αὑτῷ
925 2553 993 2634 (pro
1017 2554 1109 2638 αὐτῷ)
1133 2557 1220 2616 recte
1240 2554 1334 2615 Schn.
1359 2553 1473 2614 Herm.

286 2672 407 2734 'Heller
431 2672 515 2750 (Our.
542 2670 617 2732 crit.
639 2687 669 2745 p.
696 2669 749 2748 22)
773 2671 856 2732 Bait.
882 2669 1013 2745 (lampb.
1034 2670 1218 2744 probarunt.
1239 2668 1322 2729 illud
1342 2664 1380 2743 δὴ
1400 2669 1477 2742 post

297 2785 442 2864 ὑγιαίνειν
476 2801 539 2846 non
576 2784 661 2844 male
692 2784 826 2845 Schanz.
861 2781 953 2862 (Nou.
986 2783 1110 2845 Oomm.
1143 2779 1268 2842 Platon.
1296 2777 1393 2859 1871)
1418 2795 1477 2856 per
1532 2778 1535 2785 '

246 2894 277 2959 I)
304 2900 480 2975 „denique”
504 2901 603 2960 vertit
623 2889 793 2961 ¹conferens
818 2887 941 2961 Menon.
964 2916 995 2974 p.
1016 2900 1057 2960 87
1079 2899 1113 2961 ll.
1140 2891 1159 2983 ΙΙ
1179 2898 1285 2959 Verba
1304 2893 1354 2956 καὶ
1373 2891 1477 2956 ἀδιιιία

296 3012 417 3093 βλάπτει
441 3013 576 3074 delenda
596 3016 682 3089 sunt,
703 3015 779 3086 quia
797 3029 838 3074 ex
858 3011 1013 3072 ἐπαίνεσον
1033 3013 1122 3073 nullo
1142 3013 1237 3074 modo
1256 3027 1313 3085 per
1324 3025 1475 3086 zeugma,

296 3130 333 3190 ut
356 3127 563 3202 grammatici
586 3127 707 3203 dicunt,
731 3124 803 3205 ψέγε
828 3123 866 3204 (s.
892 3123 997 3203 ψέξαι)
1021 3127 1149 3187 extrahi
1169 3128 1285 3201 potest.
1308 3124 1404 3185 scioli
1423 3125 1478 3183 est

296 3242 472 3303 annotatio.
497 3241 522 3300 11
546 3241 709 3302 nonnullis
734 3241 823 3301 codd.
848 3240 1033 3314 Stephanus
1056 3240 1155 3301 edidit
1178 3238 1344 3317 (probante
1367 3233 1476 3314 Aetio)

295 3352 346 3414 καὶ
376 3352 495 3415 ἀδικίαν
527 3352 543 3414 δ’
574 3353 704 3433 βλάπτει,
734 3355 818 3428 quod
850 3353 970 3414 saltem
1001 3351 1050 3413 καὶ
1078 3351 1194 3425 ἀδικίας
1217 3348 1232 3412 δ
1256 3350 1377 3431 βλάπτει
1401 3366 1477 3412 esse

296 3471 459 3546 debuerat,
484 3470 640 3545 adquae,
665 3467 796 3529 etiarnsi
820 3467 962 3540 genuina
984 3468 1105 3541 essent,
1129 3481 1169 3527 ne
1193 3460 1255 3525 εἰπὲ
1278 3465 1408 3539 quidem
1433 3479 1478 3524 ex

295 3581 450 3644 ἐπαίνεσον
491 3585 601 3658 petere
639 3583 760 3654 liceret,
798 3581 880 3654 quod
917 3581 1031 3641 statim
1067 3581 1185 3641 diserte
1221 3579 1249 3639 oi
1283 3576 1477 3650 ἐπαινοῦντες

293 3701 354 3768 τοῖς
399 3692 545 3775 ψέγουσιν
591 3697 805 3770 opponuntur.
853 3695 1025 3755 Praeterea
1070 3693 1168 3754 verba
1212 3691 1302 3770 πάρες
1341 3688 1477 3750 ἐπαινεῖν

294 3811 487 3871 documento
529 3811 606 3869 sunt
647 3812 720 3882 poet
762 3804 878 3885 ὀνίνησι
919 3808 999 3868 nihil
1038 3807 1198 3867 addidisse
1233 3807 1400 3866 auctorem
1435 3805 1477 3868 de

293 3923 464 3985 iniustitia.
495 3957 531 3968 -
556 3923 689 3996 Legitur
712 3923 745 3982 in
768 3922 892 3982 Veneto
917 3918 1131 3998 ίάποσχοίμην
1152 3915 1249 3996 (sicut
1269 3920 1302 3979 in
1320 3919 1391 3980 Par.
1413 3917 1476 3997 A);

295 4093 329 4152 in
353 4107 418 4165 mg.
442 4037 627 4169 ἀάἀσχοίμην
654 4089 793 4167 (litterae
816 4113 851 4148 να
871 4105 971 4150 manu
991 4088 1217 4149 recentissima
1236 4086 1477 4161 superscriptae

296 4203 396 4283 sunt).
424 4208 462 4271 111
486 4206 609 4266 Veneto
634 4207 668 4262 Π
689 4200 890 4283 ἀποδεχοίμην
913 4204 1040 4277 legitur.
1062 4203 1258 4263 scholiastes
1277 4201 1310 4260 et
1329 4199 1479 4261 Venetus

296 4317 324 4384 Ξ
347 4305 531 4399 ἀνασχοίμην
557 4318 721 4380 exhibent.
746 4317 930 4378 Verisimile
955 4321 1006 4378 est
1028 4317 1060 4376 in
1085 4317 1162 4377 Paro
1178 4317 1215 4375 -Α
1239 4312 1480 4387 antiquioribus

823 4415 984 4476 ἀποδεχοίμην

296 4492 386 4552 codd.
421 4490 468 4550 sic
499 4488 657 4566 scriptum
687 4486 788 4547 fuisse
819 4483 1014 4564 ἀνασχοίμην,
1043 4486 1127 4546 unde
1157 4499 1277 4546 novam
1300 4483 1479 4546 lectionem

297 4601 481 4681 ἀποσχοίμην
513 4603 619 4662 ortam
651 4615 733 4661 esse.
768 4634 807 4643 —
835 4599 909 4660 Mox
940 4599 1011 4676 lege
1041 4595 1108 4678 περί
1131 4595 1234 4660 αάιαῐυ
1258 4594 1326 4676 (pro
1350 4593 1478 4677 αὐτῶν).
