3260 5098
716 280 757 340 97

148 456 270 536 εὐφυεῖς
293 460 336 521 τὰ
359 461 488 541 σώματα.
512 465 603 556 Idem
627 480 706 525 mox
729 481 803 526 cum
829 468 942 529 eodem
963 475 1125 546 κακοφυεῖς
1151 474 1250 546 <τε>
1275 472 1326 534 καὶ

146 569 299 652 ἀνιάτους,
329 576 425 653 male,
457 591 534 641 nam
567 579 758 639 vertendum
787 581 838 640 est
865 583 917 656 „et
940 583 1070 643 omnino
1095 585 1324 648 insanabiles.”

146 688 187 747 In
220 685 388 763 proximis
408 691 566 752 Richards
597 689 711 769 (Oless.
744 693 823 755 Rev.
858 691 957 772 1893)
989 697 1106 758 iniuria
1135 697 1243 758 αύτΑΙ
1269 715 1326 774 pro

146 799 253 860 αύιΟΙ
273 799 400 881 (duona.)
425 804 575 877 requirit:
600 806 737 880 scriptor
760 809 1000 869 constructione
1024 811 1063 870 ad
1087 811 1221 884 synesin
1243 829 1326 875 usus

148 916 211 976 est.
242 917 281 976 In
311 915 331 993 ξ
361 918 420 978 ult.
452 919 626 993 transpone
658 917 749 980 ταύτὰ
773 929 864 980 ταῦτα
886 921 964 999 ἴχνη,
986 923 1025 983 de
1049 938 1110 998 quo
1135 926 1326 986 mendorum

96 1015 121 1078 Β
145 1044 266 1102 genere
298 1031 371 1091 vide
403 1032 489 1092 dicta
520 1034 560 1093 ad
584 1034 691 1095 40613
717 1031 834 1106 (ἄλλους
861 1035 984 1115 ὕστερον
1007 1038 1155 1109 κυλλούς).
1182 1037 1198 1116 'l
1223 1040 1328 1102 Verba

146 1141 163 1204 ὁ
198 1144 341 1223 μουσικὸς
373 1143 551 1224 (campbell
582 1149 681 1209 vertit
721 1165 797 1226 „eur
828 1151 961 1212 student
999 1152 1034 1212 of
1069 1149 1208 1231 music”)
1247 1154 1328 1212 mihi

144 1259 291 1320 insiticia
320 1260 480 1338 videntur,
513 1262 588 1334 quia
616 1277 680 1322 non
712 1263 751 1323 de
783 1265 981 1325 musicorum
1008 1267 1196 1327 educatione
1220 1282 1328 1328 sermo

145 1375 210 1449 est,
242 1373 299 1434 sed
330 1373 369 1434 de
399 1374 581 1436 custodum.
606 1375 794 1436 Subiectum
817 1377 908 1437 verbi
931 1377 1046 1457 αἱρήσει
1071 1381 1122 1440 est
1146 1375 1161 1438 ὁ
1185 1376 1261 1451 νίας.
1287 1413 1327 1424 -

144 1487 236 1547 Bene
267 1486 382 1546 Astius
413 1502 430 1547 e
460 1489 572 1562 paucis
604 1489 693 1550 codd.
725 1491 759 1550 et
788 1490 909 1551 Galerio
941 1492 1062 1566 recepit
1094 1514 1127 1571 χε
1157 1495 1232 1554 ante
1261 1492 1330 1571 μήν,

145 1615 226 1660 cum
250 1599 363 1660 Galeni
385 1600 540 1662 lectiones
564 1603 699 1663 minime
723 1605 922 1677 spernendae
943 1605 1018 1665 sint.
1040 1605 1109 1666 Hoc
1129 1606 1198 1667 loco
1217 1627 1250 1685 χε
1270 1604 1329 1683 μὴν

146 1713 425 1786 argumentationi
455 1716 563 1790 aptius
596 1717 647 1776 est
669 1731 768 1790 quam
792 1717 932 1792 simplex
956 1716 1024 1794 μήν.
1048 1719 1086 1778 Ια
1109 1718 1226 1779 Politia
1249 1735 1330 1779 usus

145 1834 205 1887 τοῦ
238 1849 277 1907 γε
307 1826 381 1906 μήν
412 1829 505 1891 valde
535 1831 707 1892 restrictus
730 1833 791 1892 est.
816 1832 958 1893 Galenus
982 1826 1068 1892 ἐκεῖν’
1096 1829 1253 1912 ἐπεγείρων
1277 1847 1329 1892 ex·

148 1941 252 2016 hibet,
289 1943 324 2001 et
357 1942 430 2002 vide
463 1942 496 2002 in
532 1944 635 2003 4111)
671 1941 864 2023 ἐγειρόμενον.
900 1946 1125 2007 Hermannum
1161 1962 1178 2006 e
1210 1945 1330 2007 Galeno

148 2053 398 2133 μεταχειρίζονται
429 2070 485 2130 pro
517 2060 735 2136 μεταχειριεῖται
767 2060 976 2131 reponentem
1012 2061 1099 2120 recte
1122 2061 1256 2120 secutus
1280 2060 1331 2118 est

97 2152 122 2220 0
149 2168 349 2245 Schmelzer‚
373 2184 451 2229 nam
474 2171 608 2244 vulgata
631 2170 841 2231 invenustam
865 2174 1077 2247 tautologiam
1103 2174 1216 2249 gignit.
1231 2166 1250 2258 ΙΙ
1272 2175 1329 2249 Op·

149 2281 236 2342 time
270 2282 450 2356 Madvigius
485 2279 583 2358 (prob.
615 2280 757 2362 Baitero)
789 2285 929 2345 correxit
959 2285 1154 2346 καθίστασαν.
1187 2288 1331 2360 Sequens

151 2395 214 2455 ῖνα
242 2397 397 2459 mendum
423 2397 586 2473 peperisse
610 2398 746 2459 videtur.
771 2399 885 2459 Astius
910 2400 948 2460 ci.
973 2401 1210 2479 θεραπεύωνται,
1232 2383 1329 2476 male,

150 2510 233 2584 quia
251 2509 282 2570 οί
298 2509 491 2582 καθιστάντες
511 2509 672 2585 significat
695 2512 766 2588 „qui
785 2511 1030 2573 instituerunt.''
1052 2514 1202 2574 Fortasse
1226 2512 1328 2586 legen-

151 2624 234 2684 dum
265 2626 316 2687 est
346 2623 426 2697 τίνες
450 2622 487 2701 δὴ
511 2641 567 2700 pro
590 2625 670 2696 τίνος
694 2622 734 2685 δέ.
786 2623 805 2702 ἡ
829 2628 879 2686 est
903 2627 1063 2702 mirantis,
1088 2628 1124 2686 ut
1146 2641 1244 2702 supra
1266 2633 1330 2696 ττῶς

93 2733 125 2800 n
154 2735 214 2813 δή;
237 2727 257 2820 ΙΙ
281 2738 428 2799 Editeres
458 2739 512 2812 qui
544 2731 615 2800 Pari
646 2741 675 2800 A
702 2740 930 2800 auctoritatem
955 2739 1058 2799 secuti
1081 2733 1119 2796 dv
1142 2740 1215 2812 post
1238 2742 1330 2814 μαλα-

151 2850 283 2931 κώτερον
302 2854 492 2930 emiserunt,
512 2856 586 2929 post
606 2851 665 2932 ίχοι
685 2853 776 2930 φύσις
794 2869 923 2915 comma
935 2855 1122 2929 posuerunt.
1136 2853 1211 2914 Sine
1223 2867 1330 2915 neces·

152 2966 254 3028 sitate
284 2967 399 3029 Aetius
428 2969 466 3028 ci.
492 2967 554 3026 δεῖν
587 2963 619 3026 δέ
648 2961 678 3045 χ’
713 2964 834 3044 ἔφαμεν.
863 2969 1022 3029 Praesens
1053 2967 1134 3028 bene
1166 2968 1331 3046 sehabet,

154 3081 233 3154 quia
254 3081 321 3142 iam
345 3084 420 3142 ante
445 3079 521 3159 (375
536 3077 569 3158 (λ)
595 3082 831 3142 constituerant
854 3081 968 3157 φύλακι
991 3097 1071 3158 opus
1096 3097 1169 3142 esse
1194 3083 1331 3155 utraque

155 3195 219 3255 hec
241 3196 368 3255 natura.

16 3303 61 3363 iii
91 3299 125 3365 A
200 3308 274 3369 Iure
299 3307 437 3369 Oobetus
456 3309 567 3369 delens
587 3287 685 3369 verba
704 3304 754 3366 καί
772 3312 908 3386 καταχεῖν
928 3308 1064 3368 Heusdii
1084 3311 1143 3369 cam
1163 3313 1333 3369 καταντλεῖν

153 3421 312 3498 probavit,
344 3438 420 3482 curn
450 3423 483 3483 in
516 3422 647 3496 vulgata
678 3423 759 3482 duae
786 3422 946 3495 imagines
970 3423 1114 3482 contorte
1140 3424 1172 3483 et
1200 3423 1334 3483 ridicule

155 3535 280 3596 mixtae
304 3536 387 3604 sint.
418 3536 443 3596 E
471 3536 681 3610 sequentibus
706 3532 778 3594 ὅταν
803 3528 832 3592 d'
848 3531 970 3612 ἐπιχέων
994 3531 1034 3611 μὴ
1059 3532 1140 3618 ἀνίῃ,
1162 3531 1236 3594 ἀλλὰ
1258 3533 1334 3617 κήλχχ

153 3648 260 3710 lucide
290 3651 382 3723 patet
411 3652 567 3708 καταυλεῖν
598 3665 617 3710 a
648 3649 782 3709 Platone
812 3648 909 3708 scribi
937 3663 1000 3708 non
1023 3648 1178 3724 potuisse,
1203 3663 1278 3708 cum
1302 3645 1334 3706 τὸ

157 3760 258 3838 adiero
280 3763 376 3835 (quod
395 3763 482 3822 idem
504 3763 555 3822 est
575 3777 613 3822 ac
633 3759 664 3821 τὸ
684 3764 851 3831 καταυλεῖν)
872 3761 1008 3820 noxium
1028 3762 1081 3838 sit,
1094 3776 1157 3821 non
1170 3759 1202 3821 τὸ
1214 3760 1335 3840 μετρίως

155 3878 335 3935 καταντλεῖν.
360 3877 512 3937 Fortasse
535 3879 647 3937 tamen
670 3878 841 3935 καταντλεῖν
866 3874 947 3945 (coll.
974 3875 1037 3934 344
1062 3876 1099 3952 D,
1125 3876 1199 3949 Lys.
1222 3877 1285 3936 204
1299 3877 1334 3946 D)

155 3991 242 4050 iusto
273 3990 405 4064 gravius
437 3992 498 4066 est,
513 4065 515 4071 Ι
529 3989 638 4062 itaque
671 3992 807 4067 καταχεῖν
839 3990 886 4059 (ut
914 4003 964 4062 ap.
989 3989 1119 4049 Lucian.
1144 3990 1279 4049 Icarum.
1306 3990 1335 4060 5)

155 4103 344 4179 genuinum,
365 4104 423 4163 sed
441 4105 599 4162 καταυλεῖν
618 4103 783 4176 glossema
803 4103 854 4162 est
868 4103 1030 4172 (videntur
1042 4102 1161 4163 saltem
1174 4102 1336 4163 Plutarch.

157 4218 188 4278 II
222 4233 253 4292 p.
290 4218 352 4277 713
384 4218 412 4277 A
445 4218 478 4276 et
509 4217 666 4277 Themist.
701 4216 752 4278 Or.
780 4217 820 4275 22
845 4230 875 4289 p.
901 4217 965 4275 265
989 4215 1015 4273 Β
1038 4219 1174 4292 καταχεῖν
1197 4215 1336 4289 legisse).

161 4333 207 4393 De
231 4332 338 4392 verbis
362 4328 412 4390 διὰ
434 4339 492 4390 τῶν
517 4328 600 4390 ύίτυν
620 4330 716 4408 ὥσπερ
740 4327 801 4401 [διὰ
820 4329 901 4400 dele]
924 4327 1020 4407 χώνης
1040 4329 1080 4389 ci.
1093 4329 1193 4390 Arist.
1207 4330 1337 4390 Thesm.

164 4448 205 4507 18
237 4445 324 4523 δίκην
355 4441 387 4504 δὲ
418 4443 528 4523 χυάνης
552 4435 610 4503 ὦτα
634 4442 834 4521 διετετρήνατο
858 4445 890 4504 et
915 4443 969 4504 Ed.
995 4443 1154 4503 Hillerum
1178 4444 1211 4502 in
1232 4443 1338 4504 Fleck.

110 4553 141 4618 B
165 4561 237 4622 Jbb.
264 4560 347 4620 1874
373 4574 402 4634 p.
430 4559 492 4618 173
517 4572 564 4631 sq.
592 4573 651 4634 „zu
673 4556 836 4631 Aristoph.
857 4558 923 4617 und
942 4555 1067 4616 Plato.”
1089 4556 1172 4628 Lege
1192 4554 1297 4632 νυνδή.
1321 4548 1336 4636 il

1247 4661 1260 4704 r
