<?xml version="1.0" encoding="UTF-8"?>
<!DOCTYPE html PUBLIC "-//W3C//DTD XHTML 1.0 Transitional//EN"
    "http://www.w3.org/TR/xhtml1/DTD/xhtml1-transitional.dtd">
<html xmlns="http://www.w3.org/1999/xhtml" xml:lang="en" lang="en">
 <head>
  <title>
</title>
<meta http-equiv="Content-Type" content="text/html;charset=utf-8" />
  <meta name='ocr-system' content='tesseract 3.04.00' />
  <meta name='ocr-capabilities' content='ocr_page ocr_carea ocr_par ocr_line ocrx_word'/>
</head>
<body>
  <div class='ocr_page' id='page_1' title='image "./notaecriticaead01hartgoog_0164.png"; bbox 0 0 3260 5098; ppageno 0'>
   <div class='ocr_carea' id='block_1_1' title="bbox 725 313 786 371">
    <p class='ocr_par' dir='ltr' id='par_1_1' title="bbox 725 313 786 371">
     <span class='ocr_line' id='line_1_1' title="bbox 725 313 786 371; baseline 0 0"><span class='ocrx_word' id='word_1_1' title='bbox 725 313 786 371; x_wconf 90' lang='grc'><strong>141</strong></span> 
     </span>
    </p>
   </div>
   <div class='ocr_carea' id='block_1_2' title="bbox 17 494 1475 4344">
    <p class='ocr_par' dir='ltr' id='par_1_2' title="bbox 161 494 1342 1605">
     <span class='ocr_line' id='line_1_2' title="bbox 161 494 1335 574; baseline 0.001 -16"><span class='ocrx_word' id='word_1_2' title='bbox 161 513 274 572; x_wconf 84' lang='lat' dir='ltr'><strong>gressa</strong></span> <span class='ocrx_word' id='word_1_3' title='bbox 297 498 537 574; x_wconf 85' lang='lat' dir='ltr'><strong>comparatione</strong></span> <span class='ocrx_word' id='word_1_4' title='bbox 561 494 606 574; x_wconf 87' lang='lat' dir='ltr'><strong>(in</strong></span> <span class='ocrx_word' id='word_1_5' title='bbox 630 499 648 568; x_wconf 72' lang='lat'>5</span> <span class='ocrx_word' id='word_1_6' title='bbox 671 498 710 570; x_wconf 85' lang='lat' dir='ltr'><strong>A)</strong></span> <span class='ocrx_word' id='word_1_7' title='bbox 734 499 897 560; x_wconf 84' lang='lat' dir='ltr'><strong>adhibitis.</strong></span> <span class='ocrx_word' id='word_1_8' title='bbox 923 499 1080 560; x_wconf 81' lang='lat' dir='ltr'><strong>Similiter</strong></span> <span class='ocrx_word' id='word_1_9' title='bbox 1105 505 1138 558; x_wconf 88' lang='lat' dir='ltr'><strong>ln</strong></span> <span class='ocrx_word' id='word_1_10' title='bbox 1162 501 1225 559; x_wconf 82' lang='grc'><strong>472</strong></span> <span class='ocrx_word' id='word_1_11' title='bbox 1247 499 1273 558; x_wconf 93' lang='grc' dir='ltr'>Β</span> <span class='ocrx_word' id='word_1_12' title='bbox 1293 499 1335 559; x_wconf 91' lang='lat' dir='ltr'><strong>in.</strong></span> 
     </span>
     <span class='ocr_line' id='line_1_3' title="bbox 162 608 1341 696; baseline 0.002 -28"><span class='ocrx_word' id='word_1_13' title='bbox 162 620 205 694; x_wconf 71' lang='grc' dir='ltr'><strong>κῇ</strong></span> <span class='ocrx_word' id='word_1_14' title='bbox 230 608 341 688; x_wconf 77' lang='grc' dir='ltr'><strong><em>δυνατὴ</em></strong></span> <span class='ocrx_word' id='word_1_15' title='bbox 364 610 520 691; x_wconf 70' lang='grc' dir='ltr'><strong><em>γίγνεσθαι</em></strong></span> <span class='ocrx_word' id='word_1_16' title='bbox 544 613 692 673; x_wconf 82' lang='lat' dir='ltr'>Socrates</span> <span class='ocrx_word' id='word_1_17' title='bbox 716 613 809 689; x_wconf 81' lang='lat' dir='ltr'><strong>dixit,</strong></span> <span class='ocrx_word' id='word_1_18' title='bbox 833 613 888 674; x_wconf 93' lang='lat' dir='ltr'><strong>ubi</strong></span> <span class='ocrx_word' id='word_1_19' title='bbox 913 616 1163 688; x_wconf 80' lang='lat' dir='ltr'><strong>exspectaveras</strong></span> <span class='ocrx_word' id='word_1_20' title='bbox 1184 611 1211 671; x_wconf 83' lang='grc' dir='ltr'><strong>εἰ</strong></span> <span class='ocrx_word' id='word_1_21' title='bbox 1229 609 1278 672; x_wconf 80' lang='grc' dir='ltr'><strong>καὶ</strong></span> <span class='ocrx_word' id='word_1_22' title='bbox 1298 621 1341 696; x_wconf 71' lang='grc' dir='ltr'><strong><em>τῇ</em></strong></span> 
     </span>
     <span class='ocr_line' id='line_1_4' title="bbox 164 722 1340 803; baseline 0.003 -20"><span class='ocrx_word' id='word_1_23' title='bbox 164 722 277 801; x_wconf 73' lang='grc' dir='ltr'><strong><em>δυνατὴ</em></strong></span> <span class='ocrx_word' id='word_1_24' title='bbox 300 723 463 803; x_wconf 77' lang='grc' dir='ltr'><strong><em>γίγνεσθαι.</em></strong></span> <span class='ocrx_word' id='word_1_25' title='bbox 487 726 581 787; x_wconf 81' lang='lat' dir='ltr'><strong>Falso</strong></span> <span class='ocrx_word' id='word_1_26' title='bbox 606 723 658 800; x_wconf 75' lang='lat' dir='ltr'><strong>(cf.</strong></span> <span class='ocrx_word' id='word_1_27' title='bbox 685 727 772 787; x_wconf 88' lang='lat' dir='ltr'><strong>enirn</strong></span> <span class='ocrx_word' id='word_1_28' title='bbox 797 728 860 787; x_wconf 91' lang='grc'><strong>471</strong></span> <span class='ocrx_word' id='word_1_29' title='bbox 887 727 919 788; x_wconf 80' lang='lat' dir='ltr'><strong>O.</strong></span> <span class='ocrx_word' id='word_1_30' title='bbox 940 727 965 786; x_wconf 81' lang='lat' dir='ltr'><strong>E</strong></span> <span class='ocrx_word' id='word_1_31' title='bbox 985 727 1055 798; x_wconf 88' lang='lat' dir='ltr'><strong>ult.)</strong></span> <span class='ocrx_word' id='word_1_32' title='bbox 1077 727 1250 788; x_wconf 82' lang='lat' dir='ltr'><strong>Schneider</strong></span> <span class='ocrx_word' id='word_1_33' title='bbox 1269 741 1340 787; x_wconf 92' lang='lat' dir='ltr'><strong>con·</strong></span> 
     </span>
     <span class='ocr_line' id='line_1_5' title="bbox 163 838 1339 914; baseline 0.003 -17"><span class='ocrx_word' id='word_1_34' title='bbox 163 838 268 898; x_wconf 89' lang='lat' dir='ltr'><strong>tendit</strong></span> <span class='ocrx_word' id='word_1_35' title='bbox 297 854 391 913; x_wconf 90' lang='lat' dir='ltr'><strong>posse</strong></span> <span class='ocrx_word' id='word_1_36' title='bbox 415 840 535 914; x_wconf 89' lang='lat' dir='ltr'><strong>aliquid</strong></span> <span class='ocrx_word' id='word_1_37' title='bbox 559 839 629 900; x_wconf 88' lang='lat' dir='ltr'><strong>fieri</strong></span> <span class='ocrx_word' id='word_1_38' title='bbox 652 840 738 900; x_wconf 91' lang='lat' dir='ltr'><strong>haud</strong></span> <span class='ocrx_word' id='word_1_39' title='bbox 762 839 857 900; x_wconf 88' lang='lat' dir='ltr'><strong>aliter</strong></span> <span class='ocrx_word' id='word_1_40' title='bbox 879 841 1096 901; x_wconf 88' lang='lat' dir='ltr'><strong>demonstrari</strong></span> <span class='ocrx_word' id='word_1_41' title='bbox 1119 840 1183 900; x_wconf 88' lang='lat' dir='ltr'><strong>nisi</strong></span> <span class='ocrx_word' id='word_1_42' title='bbox 1205 840 1339 900; x_wconf 91' lang='lat' dir='ltr'><strong>modum</strong></span> 
     </span>
     <span class='ocr_line' id='line_1_6' title="bbox 163 947 1340 1034; baseline -0.002 -22"><span class='ocrx_word' id='word_1_43' title='bbox 163 967 226 1034; x_wconf 79' lang='lat' dir='ltr'><strong>quo</strong></span> <span class='ocrx_word' id='word_1_44' title='bbox 257 951 326 1013; x_wconf 88' lang='lat' dir='ltr'><strong>fieri</strong></span> <span class='ocrx_word' id='word_1_45' title='bbox 355 953 458 1026; x_wconf 90' lang='lat' dir='ltr'><strong>possit</strong></span> <span class='ocrx_word' id='word_1_46' title='bbox 489 953 695 1014; x_wconf 88' lang='lat' dir='ltr'><strong>ostendendo.</strong></span> <span class='ocrx_word' id='word_1_47' title='bbox 727 988 767 997; x_wconf 95' lang='lat'>—</span> <span class='ocrx_word' id='word_1_48' title='bbox 791 955 840 1014; x_wconf 81' lang='lat' dir='ltr'><strong>Ad</strong></span> <span class='ocrx_word' id='word_1_49' title='bbox 865 951 908 1013; x_wconf 78' lang='lat' dir='ltr'><strong>du</strong></span> <span class='ocrx_word' id='word_1_50' title='bbox 931 953 1052 1012; x_wconf 76' lang='grc' dir='ltr'><strong><em>πάντων</em></strong></span> <span class='ocrx_word' id='word_1_51' title='bbox 1076 947 1275 1033; x_wconf 70' lang='grc' dir='ltr'><strong><em>ξυμφορώτατ</em></strong></span> <span class='ocrx_word' id='word_1_52' title='bbox 1303 949 1340 1011; x_wconf 77' lang='lat' dir='ltr'><strong>dv</strong></span> 
     </span>
     <span class='ocr_line' id='line_1_7' title="bbox 163 1062 1339 1143; baseline 0.002 -19"><span class='ocrx_word' id='word_1_53' title='bbox 163 1069 213 1124; x_wconf 80' lang='grc' dir='ltr'><strong><em>κτλ</em></strong></span> <span class='ocrx_word' id='word_1_54' title='bbox 245 1082 262 1126; x_wconf 93' lang='lat' dir='ltr'><strong>e</strong></span> <span class='ocrx_word' id='word_1_55' title='bbox 290 1062 438 1143; x_wconf 80' lang='grc' dir='ltr'><strong><em>σκέψομαι</em></strong></span> <span class='ocrx_word' id='word_1_56' title='bbox 460 1069 571 1127; x_wconf 91' lang='lat' dir='ltr'><strong>mente</strong></span> <span class='ocrx_word' id='word_1_57' title='bbox 595 1067 708 1142; x_wconf 88' lang='lat' dir='ltr'><strong>supple</strong></span> <span class='ocrx_word' id='word_1_58' title='bbox 733 1064 899 1143; x_wconf 77' lang='grc' dir='ltr'><strong><em>ἐνδείξομαι</em></strong></span> <span class='ocrx_word' id='word_1_59' title='bbox 923 1067 975 1127; x_wconf 90' lang='lat' dir='ltr'><strong>vel</strong></span> <span class='ocrx_word' id='word_1_60' title='bbox 999 1067 1107 1128; x_wconf 92' lang='lat' dir='ltr'><strong>simile</strong></span> <span class='ocrx_word' id='word_1_61' title='bbox 1131 1067 1216 1140; x_wconf 91' lang='lat' dir='ltr'><strong>quid.</strong></span> <span class='ocrx_word' id='word_1_62' title='bbox 1241 1067 1339 1127; x_wconf 88' lang='lat' dir='ltr'><strong>Parti·</strong></span> 
     </span>
     <span class='ocr_line' id='line_1_8' title="bbox 165 1179 1339 1263; baseline 0.001 -24"><span class='ocrx_word' id='word_1_63' title='bbox 165 1180 273 1240; x_wconf 91' lang='lat' dir='ltr'><strong>culam</strong></span> <span class='ocrx_word' id='word_1_64' title='bbox 296 1201 325 1240; x_wconf 85' lang='grc' dir='ltr'><strong><em>τε</em></strong></span> <span class='ocrx_word' id='word_1_65' title='bbox 347 1182 420 1255; x_wconf 89' lang='lat' dir='ltr'><strong>post</strong></span> <span class='ocrx_word' id='word_1_66' title='bbox 444 1189 479 1263; x_wconf 74' lang='grc' dir='ltr'><strong><em>τῇ</em></strong></span> <span class='ocrx_word' id='word_1_67' title='bbox 502 1196 577 1241; x_wconf 91' lang='lat' dir='ltr'><strong>cum</strong></span> <span class='ocrx_word' id='word_1_68' title='bbox 601 1182 678 1241; x_wconf 90' lang='lat' dir='ltr'><strong>Par⁰</strong></span> <span class='ocrx_word' id='word_1_69' title='bbox 702 1181 731 1241; x_wconf 87' lang='lat' dir='ltr'>A</span> <span class='ocrx_word' id='word_1_70' title='bbox 757 1182 938 1242; x_wconf 89' lang='lat' dir='ltr'><strong>omiserunt</strong></span> <span class='ocrx_word' id='word_1_71' title='bbox 958 1182 1069 1242; x_wconf 87' lang='lat' dir='ltr'><strong>Herm.</strong></span> <span class='ocrx_word' id='word_1_72' title='bbox 1092 1181 1175 1242; x_wconf 85' lang='lat' dir='ltr'><strong>Bait.</strong></span> <span class='ocrx_word' id='word_1_73' title='bbox 1198 1179 1339 1257; x_wconf 73' lang='lat' dir='ltr'><strong>damph,</strong></span> 
     </span>
     <span class='ocr_line' id='line_1_9' title="bbox 165 1291 1342 1380; baseline -0.001 -27"><span class='ocrx_word' id='word_1_74' title='bbox 165 1296 199 1353; x_wconf 89' lang='lat' dir='ltr'><strong>at</strong></span> <span class='ocrx_word' id='word_1_75' title='bbox 229 1294 405 1367; x_wconf 90' lang='lat' dir='ltr'><strong>utcumque</strong></span> <span class='ocrx_word' id='word_1_76' title='bbox 435 1293 553 1380; x_wconf 81' lang='lat' dir='ltr'><strong>legitur</strong></span> <span class='ocrx_word' id='word_1_77' title='bbox 585 1294 715 1356; x_wconf 90' lang='lat' dir='ltr'><strong>insolite</strong></span> <span class='ocrx_word' id='word_1_78' title='bbox 747 1291 829 1372; x_wconf 89' lang='lat' dir='ltr'><strong>(sive</strong></span> <span class='ocrx_word' id='word_1_79' title='bbox 863 1293 892 1354; x_wconf 87' lang='lat' dir='ltr'><strong>oi·</strong></span> <span class='ocrx_word' id='word_1_80' title='bbox 922 1291 985 1355; x_wconf 81' lang='grc' dir='ltr'><strong><em>νέοι</em></strong></span> <span class='ocrx_word' id='word_1_81' title='bbox 1018 1296 1126 1356; x_wconf 88' lang='lat' dir='ltr'><strong>verbis</strong></span> <span class='ocrx_word' id='word_1_82' title='bbox 1148 1299 1209 1366; x_wconf 88' lang='grc' dir='ltr'><strong><em>τοῖς</em></strong></span> <span class='ocrx_word' id='word_1_83' title='bbox 1232 1294 1342 1371; x_wconf 76' lang='grc' dir='ltr'><strong><em>φύλαξι</em></strong></span> 
     </span>
     <span class='ocr_line' id='line_1_10' title="bbox 163 1404 1341 1491; baseline 0.001 -24"><span class='ocrx_word' id='word_1_84' title='bbox 163 1407 346 1468; x_wconf 88' lang='lat' dir='ltr'><strong>indicantur</strong></span> <span class='ocrx_word' id='word_1_85' title='bbox 366 1407 435 1468; x_wconf 87' lang='lat' dir='ltr'><strong>sive</strong></span> <span class='ocrx_word' id='word_1_86' title='bbox 460 1406 491 1466; x_wconf 85' lang='lat' dir='ltr'><strong>oi</strong></span> <span class='ocrx_word' id='word_1_87' title='bbox 509 1404 656 1486; x_wconf 73' lang='grc' dir='ltr'><strong><em>ἄρχοντες)</em></strong></span> <span class='ocrx_word' id='word_1_88' title='bbox 670 1409 769 1468; x_wconf 90' lang='lat' dir='ltr'><strong>verba</strong></span> <span class='ocrx_word' id='word_1_89' title='bbox 788 1417 823 1491; x_wconf 71' lang='grc' dir='ltr'><strong><em>τῇ</em></strong></span> <span class='ocrx_word' id='word_1_90' title='bbox 837 1405 919 1467; x_wconf 68' lang='lat' dir='ltr'><strong>aare</strong></span> <span class='ocrx_word' id='word_1_91' title='bbox 936 1406 1005 1484; x_wconf 83' lang='grc' dir='ltr'><strong><em>,,τὸν</em></strong></span> <span class='ocrx_word' id='word_1_92' title='bbox 1018 1407 1135 1486; x_wconf 47' lang='lat' dir='ltr'><strong>depost</strong></span> <span class='ocrx_word' id='word_1_93' title='bbox 1148 1408 1341 1485; x_wconf 81' lang='lat' dir='ltr'><strong>significant,</strong></span> 
     </span>
     <span class='ocr_line' id='line_1_11' title="bbox 165 1521 1342 1605; baseline 0.002 -24"><span class='ocrx_word' id='word_1_94' title='bbox 165 1523 376 1594; x_wconf 87' lang='lat' dir='ltr'><strong>quamobrem</strong></span> <span class='ocrx_word' id='word_1_95' title='bbox 399 1522 544 1597; x_wconf 84' lang='lat' dir='ltr'><strong>suspicor</strong></span> <span class='ocrx_word' id='word_1_96' title='bbox 567 1521 736 1582; x_wconf 86' lang='lat' dir='ltr'><strong>Platonem</strong></span> <span class='ocrx_word' id='word_1_97' title='bbox 762 1522 990 1582; x_wconf 89' lang='lat' dir='ltr'><strong>tantummodo</strong></span> <span class='ocrx_word' id='word_1_98' title='bbox 1014 1521 1152 1605; x_wconf 53' lang='lat' dir='ltr'><strong>ilidii&amp;</strong></span> <span class='ocrx_word' id='word_1_99' title='bbox 1172 1523 1342 1598; x_wconf 83' lang='lat' dir='ltr'><strong>scripsisse</strong></span> 
     </span>
    </p>

    <p class='ocr_par' dir='ltr' id='par_1_3' title="bbox 113 1628 1354 2399">
     <span class='ocr_line' id='line_1_12' title="bbox 113 1628 1341 1720; baseline -0.001 -22"><span class='ocrx_word' id='word_1_100' title='bbox 113 1629 140 1698; x_wconf 74' lang='lat' dir='ltr'><strong>(l</strong></span> <span class='ocrx_word' id='word_1_101' title='bbox 166 1637 199 1695; x_wconf 92' lang='lat' dir='ltr'><strong>et</strong></span> <span class='ocrx_word' id='word_1_102' title='bbox 222 1636 321 1696; x_wconf 86' lang='lat' dir='ltr'><strong>verba</strong></span> <span class='ocrx_word' id='word_1_103' title='bbox 343 1632 394 1694; x_wconf 83' lang='grc' dir='ltr'><strong>καὶ</strong></span> <span class='ocrx_word' id='word_1_104' title='bbox 415 1639 475 1707; x_wconf 84' lang='grc' dir='ltr'><strong><em>τοῖς</em></strong></span> <span class='ocrx_word' id='word_1_105' title='bbox 498 1635 609 1712; x_wconf 76' lang='grc' dir='ltr'><strong><em>φύλαξι</em></strong></span> <span class='ocrx_word' id='word_1_106' title='bbox 633 1653 650 1697; x_wconf 90' lang='lat' dir='ltr'><strong>c</strong></span> <span class='ocrx_word' id='word_1_107' title='bbox 675 1652 740 1710; x_wconf 83' lang='lat' dir='ltr'><strong>mg.</strong></span> <span class='ocrx_word' id='word_1_108' title='bbox 766 1637 945 1711; x_wconf 89' lang='lat' dir='ltr'><strong>irrepsisse.</strong></span> <span class='ocrx_word' id='word_1_109' title='bbox 972 1637 1057 1709; x_wconf 83' lang='lat' dir='ltr'><strong>Lege</strong></span> <span class='ocrx_word' id='word_1_110' title='bbox 1082 1640 1204 1714; x_wconf 81' lang='grc' dir='ltr'><strong><em>ιταριεῐς.</em></strong></span> <span class='ocrx_word' id='word_1_111' title='bbox 1224 1628 1245 1720; x_wconf 83' lang='grc' dir='ltr'>Η</span> <span class='ocrx_word' id='word_1_112' title='bbox 1265 1637 1341 1697; x_wconf 91' lang='lat' dir='ltr'><strong>Her·</strong></span> 
     </span>
     <span class='ocr_line' id='line_1_13' title="bbox 165 1749 1354 1830; baseline -0.001 -21"><span class='ocrx_word' id='word_1_113' title='bbox 165 1749 333 1809; x_wconf 88' lang='lat' dir='ltr'><strong>werdenus</strong></span> <span class='ocrx_word' id='word_1_114' title='bbox 368 1749 441 1820; x_wconf 87' lang='lat' dir='ltr'><strong>(Mn.</strong></span> <span class='ocrx_word' id='word_1_115' title='bbox 479 1750 575 1822; x_wconf 85' lang='lat'>1883)</span> <span class='ocrx_word' id='word_1_116' title='bbox 610 1751 681 1812; x_wconf 91' lang='lat' dir='ltr'><strong>sine</strong></span> <span class='ocrx_word' id='word_1_117' title='bbox 713 1766 812 1811; x_wconf 90' lang='lat' dir='ltr'><strong>causa</strong></span> <span class='ocrx_word' id='word_1_118' title='bbox 842 1749 1067 1824; x_wconf 85' lang='lat' dir='ltr'><strong>corrigendum</strong></span> <span class='ocrx_word' id='word_1_119' title='bbox 1097 1751 1226 1825; x_wconf 89' lang='lat' dir='ltr'><strong>putavit</strong></span> <span class='ocrx_word' id='word_1_120' title='bbox 1257 1749 1287 1809; x_wconf 84' lang='grc' dir='ltr'><strong>εἴ</strong></span> <span class='ocrx_word' id='word_1_121' title='bbox 1314 1771 1354 1830; x_wconf 88' lang='grc' dir='ltr'><strong>τεΙ</strong></span> 
     </span>
     <span class='ocr_line' id='line_1_14' title="bbox 164 1859 1343 1942; baseline 0.002 -22"><span class='ocrx_word' id='word_1_122' title='bbox 164 1862 279 1934; x_wconf 85' lang='grc' dir='ltr'><strong><em>τούτοις</em></strong></span> <span class='ocrx_word' id='word_1_123' title='bbox 313 1861 413 1935; x_wconf 80' lang='grc' dir='ltr'><strong><em>&lt;οῑ&gt;</em></strong></span> <span class='ocrx_word' id='word_1_124' title='bbox 448 1859 601 1942; x_wconf 76' lang='grc' dir='ltr'><strong><em>ἐπίκουροι</em></strong></span> <span class='ocrx_word' id='word_1_125' title='bbox 626 1865 659 1924; x_wconf 89' lang='lat' dir='ltr'><strong>et</strong></span> <span class='ocrx_word' id='word_1_126' title='bbox 682 1879 760 1923; x_wconf 84' lang='lat' dir='ltr'><strong>mox</strong></span> <span class='ocrx_word' id='word_1_127' title='bbox 782 1878 897 1938; x_wconf 88' lang='lat' dir='ltr'><strong>parum</strong></span> <span class='ocrx_word' id='word_1_128' title='bbox 921 1865 1009 1923; x_wconf 88' lang='lat' dir='ltr'><strong>recte</strong></span> <span class='ocrx_word' id='word_1_129' title='bbox 1032 1862 1103 1922; x_wconf 76' lang='lat' dir='ltr'><strong>vam</strong></span> <span class='ocrx_word' id='word_1_130' title='bbox 1121 1863 1150 1922; x_wconf 89' lang='lat' dir='ltr'><strong>·L</strong></span> <span class='ocrx_word' id='word_1_131' title='bbox 1173 1859 1214 1940; x_wconf 73' lang='grc' dir='ltr'><strong>μὴ</strong></span> <span class='ocrx_word' id='word_1_132' title='bbox 1238 1867 1343 1922; x_wconf 71' lang='lat' dir='ltr'><strong>cardo-</strong></span> 
     </span>
     <span class='ocr_line' id='line_1_15' title="bbox 165 1972 1344 2054; baseline 0 -18"><span class='ocrx_word' id='word_1_133' title='bbox 165 1972 273 2053; x_wconf 70' lang='grc' dir='ltr'><strong><em>μένους</em></strong></span> <span class='ocrx_word' id='word_1_134' title='bbox 295 1993 352 2052; x_wconf 95' lang='lat' dir='ltr'><strong>pro</strong></span> <span class='ocrx_word' id='word_1_135' title='bbox 375 1973 577 2054; x_wconf 79' lang='grc' dir='ltr'><strong><em>μιμουμένους</em></strong></span> <span class='ocrx_word' id='word_1_136' title='bbox 600 1977 757 2052; x_wconf 88' lang='lat' dir='ltr'><strong>probavit.</strong></span> <span class='ocrx_word' id='word_1_137' title='bbox 784 1976 913 2051; x_wconf 86' lang='lat' dir='ltr'><strong>Optime</strong></span> <span class='ocrx_word' id='word_1_138' title='bbox 937 1977 1025 2037; x_wconf 90' lang='lat' dir='ltr'><strong>enim</strong></span> <span class='ocrx_word' id='word_1_139' title='bbox 1050 1976 1142 2037; x_wconf 80' lang='lat' dir='ltr'><strong>Gaou</strong></span> <span class='ocrx_word' id='word_1_140' title='bbox 1165 1977 1264 2037; x_wconf 86' lang='lat' dir='ltr'><strong>vertit</strong></span> <span class='ocrx_word' id='word_1_141' title='bbox 1291 1979 1344 2053; x_wconf 87' lang='lat' dir='ltr'><strong>,et</strong></span> 
     </span>
     <span class='ocr_line' id='line_1_16' title="bbox 165 2089 1344 2166; baseline 0 -16"><span class='ocrx_word' id='word_1_142' title='bbox 165 2091 238 2152; x_wconf 90' lang='lat' dir='ltr'><strong>d&#39;en</strong></span> <span class='ocrx_word' id='word_1_143' title='bbox 261 2092 370 2152; x_wconf 86' lang='lat' dir='ltr'><strong>suivre</strong></span> <span class='ocrx_word' id='word_1_144' title='bbox 393 2091 517 2166; x_wconf 87' lang='lat' dir='ltr'><strong>l’esprit</strong></span> <span class='ocrx_word' id='word_1_145' title='bbox 541 2092 621 2153; x_wconf 90' lang='lat' dir='ltr'><strong>dans</strong></span> <span class='ocrx_word' id='word_1_146' title='bbox 641 2091 690 2152; x_wconf 91' lang='lat' dir='ltr'><strong>les</strong></span> <span class='ocrx_word' id='word_1_147' title='bbox 709 2089 907 2163; x_wconf 82' lang='lat' dir='ltr'><strong>reglements</strong></span> <span class='ocrx_word' id='word_1_148' title='bbox 928 2105 990 2162; x_wconf 89' lang='lat' dir='ltr'><strong>que</strong></span> <span class='ocrx_word' id='word_1_149' title='bbox 1011 2105 1093 2150; x_wconf 89' lang='lat' dir='ltr'><strong>nous</strong></span> <span class='ocrx_word' id='word_1_150' title='bbox 1114 2090 1344 2150; x_wconf 87' lang='lat' dir='ltr'><strong>abandonnons</strong></span> 
     </span>
     <span class='ocr_line' id='line_1_17' title="bbox 166 2197 1344 2282; baseline 0.002 -18"><span class='ocrx_word' id='word_1_151' title='bbox 166 2207 186 2264; x_wconf 79' lang='lat' dir='ltr'><strong>a</strong></span> <span class='ocrx_word' id='word_1_152' title='bbox 207 2205 278 2265; x_wconf 91' lang='lat' dir='ltr'><strong>leur</strong></span> <span class='ocrx_word' id='word_1_153' title='bbox 296 2207 488 2282; x_wconf 88' lang='lat' dir='ltr'><strong>prudence,”</strong></span> <span class='ocrx_word' id='word_1_154' title='bbox 510 2206 583 2266; x_wconf 87' lang='lat' dir='ltr'><strong>vide</strong></span> <span class='ocrx_word' id='word_1_155' title='bbox 602 2205 707 2265; x_wconf 82' lang='grc'><strong>4257)</strong></span> <span class='ocrx_word' id='word_1_156' title='bbox 726 2204 785 2265; x_wconf 88' lang='lat' dir='ltr'><strong>ult.</strong></span> <span class='ocrx_word' id='word_1_157' title='bbox 807 2197 866 2262; x_wconf 74' lang='grc' dir='ltr'><strong>ἀλλ’</strong></span> <span class='ocrx_word' id='word_1_158' title='bbox 889 2201 946 2264; x_wconf 80' lang='grc' dir='ltr'><strong><em>οὐκ</em></strong></span> <span class='ocrx_word' id='word_1_159' title='bbox 966 2201 1061 2282; x_wconf 73' lang='grc' dir='ltr'><strong><em>ἄξιον,</em></strong></span> <span class='ocrx_word' id='word_1_160' title='bbox 1080 2201 1138 2282; x_wconf 78' lang='grc' dir='ltr'><strong>ἔφη</strong></span> <span class='ocrx_word' id='word_1_161' title='bbox 1159 2208 1219 2282; x_wconf 76' lang='grc' dir='ltr'><strong><em>κτλ,</em></strong></span> <span class='ocrx_word' id='word_1_162' title='bbox 1238 2206 1302 2266; x_wconf 82' lang='grc'><strong>427</strong></span> <span class='ocrx_word' id='word_1_163' title='bbox 1315 2205 1344 2265; x_wconf 86' lang='lat' dir='ltr'>A</span> 
     </span>
     <span class='ocr_line' id='line_1_18' title="bbox 165 2312 615 2399; baseline -0.007 -19"><span class='ocrx_word' id='word_1_164' title='bbox 165 2319 208 2380; x_wconf 90' lang='lat' dir='ltr'><strong>in.</strong></span> <span class='ocrx_word' id='word_1_165' title='bbox 233 2316 289 2399; x_wconf 76' lang='grc' dir='ltr'><strong>ἐγὼ</strong></span> <span class='ocrx_word' id='word_1_166' title='bbox 315 2315 369 2396; x_wconf 71' lang='grc' dir='ltr'><strong><em>μὲν</em></strong></span> <span class='ocrx_word' id='word_1_167' title='bbox 393 2318 496 2379; x_wconf 83' lang='grc' dir='ltr'><strong><em>τοίνυν</em></strong></span> <span class='ocrx_word' id='word_1_168' title='bbox 519 2323 577 2378; x_wconf 83' lang='grc' dir='ltr'><strong><em>κτλ.</em></strong></span> <span class='ocrx_word' id='word_1_169' title='bbox 594 2312 615 2389; x_wconf 86' lang='lat'><strong>¹)</strong></span> 
     </span>
    </p>

    <p class='ocr_par' dir='ltr' id='par_1_4' title="bbox 17 2431 1345 2511">
     <span class='ocr_line' id='line_1_19' title="bbox 17 2431 1345 2511; baseline -0.002 -15"><span class='ocrx_word' id='word_1_170' title='bbox 17 2439 76 2497; x_wconf 79' lang='lat'><strong>459</strong></span> <span class='ocrx_word' id='word_1_171' title='bbox 107 2431 144 2500; x_wconf 78' lang='grc' dir='ltr'><strong>Α</strong></span> <span class='ocrx_word' id='word_1_172' title='bbox 211 2433 304 2494; x_wconf 89' lang='lat' dir='ltr'><strong>Unus</strong></span> <span class='ocrx_word' id='word_1_173' title='bbox 328 2434 394 2494; x_wconf 91' lang='lat' dir='ltr'><strong>cod.</strong></span> <span class='ocrx_word' id='word_1_174' title='bbox 420 2433 526 2494; x_wconf 87' lang='lat' dir='ltr'><strong>exbib.</strong></span> <span class='ocrx_word' id='word_1_175' title='bbox 547 2431 737 2511; x_wconf 77' lang='grc' dir='ltr'><strong><em>θηρευτικάς,</em></strong></span> <span class='ocrx_word' id='word_1_176' title='bbox 757 2433 894 2493; x_wconf 85' lang='lat' dir='ltr'><strong>fortasse</strong></span> <span class='ocrx_word' id='word_1_177' title='bbox 915 2433 1013 2509; x_wconf 88' lang='lat' dir='ltr'><strong>recte,</strong></span> <span class='ocrx_word' id='word_1_178' title='bbox 1034 2449 1110 2494; x_wconf 90' lang='lat' dir='ltr'><strong>oum</strong></span> <span class='ocrx_word' id='word_1_179' title='bbox 1123 2433 1235 2494; x_wconf 83' lang='lat' dir='ltr'><strong>Graeci</strong></span> <span class='ocrx_word' id='word_1_180' title='bbox 1247 2448 1345 2494; x_wconf 88' lang='lat' dir='ltr'><strong>canes</strong></span> 
     </span>
    </p>

    <p class='ocr_par' dir='ltr' id='par_1_5' title="bbox 165 2521 1388 2623">
     <span class='ocr_line' id='line_1_20' title="bbox 165 2521 1388 2623; baseline 0 -17"><span class='ocrx_word' id='word_1_181' title='bbox 165 2547 332 2608; x_wconf 88' lang='lat' dir='ltr'><strong>venaticas</strong></span> <span class='ocrx_word' id='word_1_182' title='bbox 355 2547 545 2622; x_wconf 88' lang='lat' dir='ltr'><strong>plerumque</strong></span> <span class='ocrx_word' id='word_1_183' title='bbox 566 2547 641 2608; x_wconf 85' lang='lat' dir='ltr'><strong>fem.</strong></span> <span class='ocrx_word' id='word_1_184' title='bbox 655 2563 727 2621; x_wconf 85' lang='lat' dir='ltr'><strong>gen.</strong></span> <span class='ocrx_word' id='word_1_185' title='bbox 740 2547 902 2623; x_wconf 87' lang='lat' dir='ltr'><strong>appellare</strong></span> <span class='ocrx_word' id='word_1_186' title='bbox 915 2548 1158 2608; x_wconf 89' lang='lat' dir='ltr'><strong>consueverint:</strong></span> <span class='ocrx_word' id='word_1_187' title='bbox 1181 2547 1220 2608; x_wconf 87' lang='lat' dir='ltr'><strong>ci.</strong></span> <span class='ocrx_word' id='word_1_188' title='bbox 1234 2547 1343 2621; x_wconf 80' lang='lat' dir='ltr'><strong>steph.</strong></span> <span class='ocrx_word' id='word_1_189' title='bbox 1386 2521 1388 2524; x_wconf 29' lang='lat'>⁵</span> 
     </span>
    </p>

    <p class='ocr_par' dir='ltr' id='par_1_6' title="bbox 106 2651 1347 3082">
     <span class='ocr_line' id='line_1_21' title="bbox 106 2651 1344 2744; baseline -0.002 -24"><span class='ocrx_word' id='word_1_190' title='bbox 106 2662 140 2728; x_wconf 90' lang='grc' dir='ltr'>Β</span> <span class='ocrx_word' id='word_1_191' title='bbox 165 2661 318 2723; x_wconf 76' lang='lat' dir='ltr'><strong>Thesaur.</strong></span> <span class='ocrx_word' id='word_1_192' title='bbox 354 2661 388 2721; x_wconf 91' lang='lat' dir='ltr'><strong>in</strong></span> <span class='ocrx_word' id='word_1_193' title='bbox 422 2677 452 2722; x_wconf 86' lang='lat' dir='ltr'><strong>v.</strong></span> <span class='ocrx_word' id='word_1_194' title='bbox 488 2660 570 2720; x_wconf 82' lang='grc' dir='ltr'><strong><em>κύον</em></strong></span> <span class='ocrx_word' id='word_1_195' title='bbox 601 2663 634 2721; x_wconf 90' lang='lat' dir='ltr'><strong>et</strong></span> <span class='ocrx_word' id='word_1_196' title='bbox 665 2661 811 2736; x_wconf 88' lang='lat' dir='ltr'><strong>Xenoph.</strong></span> <span class='ocrx_word' id='word_1_197' title='bbox 845 2660 1087 2735; x_wconf 81' lang='lat' dir='ltr'><strong>Oynegetioum.</strong></span> <span class='ocrx_word' id='word_1_198' title='bbox 1113 2651 1132 2744; x_wconf 77' lang='grc' dir='ltr'>Η</span> <span class='ocrx_word' id='word_1_199' title='bbox 1155 2660 1225 2720; x_wconf 88' lang='lat' dir='ltr'><strong>Non</strong></span> <span class='ocrx_word' id='word_1_200' title='bbox 1259 2659 1344 2719; x_wconf 91' lang='lat' dir='ltr'><strong>male</strong></span> 
     </span>
     <span class='ocr_line' id='line_1_22' title="bbox 166 2768 1345 2855; baseline -0.004 -18"><span class='ocrx_word' id='word_1_201' title='bbox 166 2777 261 2850; x_wconf 84' lang='lat' dir='ltr'><strong>pauci</strong></span> <span class='ocrx_word' id='word_1_202' title='bbox 291 2777 380 2837; x_wconf 91' lang='lat' dir='ltr'><strong>codd.</strong></span> <span class='ocrx_word' id='word_1_203' title='bbox 411 2777 485 2851; x_wconf 90' lang='lat' dir='ltr'><strong>post</strong></span> <span class='ocrx_word' id='word_1_204' title='bbox 515 2772 614 2855; x_wconf 71' lang='grc' dir='ltr'><strong><em>ἄκρων</em></strong></span> <span class='ocrx_word' id='word_1_205' title='bbox 645 2791 715 2836; x_wconf 69' lang='lat' dir='ltr'><strong>em.</strong></span> <span class='ocrx_word' id='word_1_206' title='bbox 730 2776 787 2836; x_wconf 85' lang='lat' dir='ltr'><strong>ini.</strong></span> <span class='ocrx_word' id='word_1_207' title='bbox 812 2768 898 2852; x_wconf 80' lang='grc' dir='ltr'><strong><em>εἶναι,</em></strong></span> <span class='ocrx_word' id='word_1_208' title='bbox 923 2775 962 2836; x_wconf 86' lang='lat' dir='ltr'><strong>cf.</strong></span> <span class='ocrx_word' id='word_1_209' title='bbox 988 2775 1102 2835; x_wconf 84' lang='lat' dir='ltr'><strong>statim</strong></span> <span class='ocrx_word' id='word_1_210' title='bbox 1125 2775 1198 2848; x_wconf 89' lang='lat' dir='ltr'><strong>post</strong></span> <span class='ocrx_word' id='word_1_211' title='bbox 1222 2773 1255 2833; x_wconf 91' lang='lat' dir='ltr'><strong>in</strong></span> <span class='ocrx_word' id='word_1_212' title='bbox 1279 2770 1345 2848; x_wconf 77' lang='lat' dir='ltr'><strong>§O</strong></span> 
     </span>
     <span class='ocr_line' id='line_1_23' title="bbox 168 2873 1346 2968; baseline -0.002 -20"><span class='ocrx_word' id='word_1_213' title='bbox 168 2886 211 2948; x_wconf 83' lang='grc' dir='ltr'><strong><em>ὅτι</em></strong></span> <span class='ocrx_word' id='word_1_214' title='bbox 234 2885 439 2968; x_wconf 77' lang='grc' dir='ltr'><strong><em>ἀνδρειοτέρου</em></strong></span> <span class='ocrx_word' id='word_1_215' title='bbox 465 2888 513 2948; x_wconf 79' lang='grc' dir='ltr'><strong>δεῖ</strong></span> <span class='ocrx_word' id='word_1_216' title='bbox 535 2896 588 2948; x_wconf 83' lang='grc' dir='ltr'><strong>τοῦ</strong></span> <span class='ocrx_word' id='word_1_217' title='bbox 609 2873 720 2968; x_wconf 82' lang='grc' dir='ltr'><strong>Ιἰατροῦ.</strong></span> <span class='ocrx_word' id='word_1_218' title='bbox 740 2889 924 2950; x_wconf 80' lang='lat' dir='ltr'><strong>Verisimile</strong></span> <span class='ocrx_word' id='word_1_219' title='bbox 946 2890 997 2950; x_wconf 82' lang='lat' dir='ltr'><strong>est</strong></span> <span class='ocrx_word' id='word_1_220' title='bbox 1020 2881 1096 2947; x_wconf 80' lang='grc' dir='ltr'><strong><em>εἶναι</em></strong></span> <span class='ocrx_word' id='word_1_221' title='bbox 1119 2887 1181 2963; x_wconf 87' lang='lat' dir='ltr'><strong>hie,</strong></span> <span class='ocrx_word' id='word_1_222' title='bbox 1205 2886 1290 2948; x_wconf 80' lang='lat' dir='ltr'><strong>inira</strong></span> <span class='ocrx_word' id='word_1_223' title='bbox 1312 2886 1346 2946; x_wconf 90' lang='lat' dir='ltr'><strong>in</strong></span> 
     </span>
     <span class='ocr_line' id='line_1_24' title="bbox 167 2997 1347 3082; baseline -0.003 -18"><span class='ocrx_word' id='word_1_224' title='bbox 167 3003 185 3072; x_wconf 72' lang='lat'>5</span> <span class='ocrx_word' id='word_1_225' title='bbox 210 3001 232 3064; x_wconf 82' lang='lat' dir='ltr'>O</span> <span class='ocrx_word' id='word_1_226' title='bbox 254 3004 328 3077; x_wconf 89' lang='lat' dir='ltr'><strong>post</strong></span> <span class='ocrx_word' id='word_1_227' title='bbox 350 2997 518 3082; x_wconf 75' lang='grc' dir='ltr'><strong><em>ἡγούμεθα,</em></strong></span> <span class='ocrx_word' id='word_1_228' title='bbox 540 3018 638 3078; x_wconf 89' lang='lat' dir='ltr'><strong>supra</strong></span> <span class='ocrx_word' id='word_1_229' title='bbox 653 3003 728 3072; x_wconf 78' lang='grc'><strong>,458</strong></span> <span class='ocrx_word' id='word_1_230' title='bbox 751 3004 780 3063; x_wconf 81' lang='grc' dir='ltr'><strong>Α</strong></span> <span class='ocrx_word' id='word_1_231' title='bbox 798 3005 872 3077; x_wconf 91' lang='lat' dir='ltr'><strong>post</strong></span> <span class='ocrx_word' id='word_1_232' title='bbox 891 3000 1027 3081; x_wconf 77' lang='grc' dir='ltr'><strong><em>ὑπάρχον</em></strong></span> <span class='ocrx_word' id='word_1_233' title='bbox 1048 3002 1221 3075; x_wconf 88' lang='lat' dir='ltr'><strong>uniatque</strong></span> <span class='ocrx_word' id='word_1_234' title='bbox 1241 3001 1347 3061; x_wconf 90' lang='lat' dir='ltr'><strong>eidem</strong></span> 
     </span>
    </p>

    <p class='ocr_par' dir='ltr' id='par_1_7' title="bbox 118 3107 1475 4344">
     <span class='ocr_line' id='line_1_25' title="bbox 118 3107 1347 3200; baseline -0.003 -23"><span class='ocrx_word' id='word_1_235' title='bbox 118 3115 389 3191; x_wconf 77' lang='lat' dir='ltr'><strong>(linterpolatori</strong></span> <span class='ocrx_word' id='word_1_236' title='bbox 423 3117 541 3178; x_wconf 92' lang='lat' dir='ltr'><strong>deberi.</strong></span> <span class='ocrx_word' id='word_1_237' title='bbox 577 3107 596 3200; x_wconf 87' lang='grc' dir='ltr'><strong>ΙΙ</strong></span> <span class='ocrx_word' id='word_1_238' title='bbox 629 3116 859 3190; x_wconf 79' lang='lat' dir='ltr'><strong>corrigendum</strong></span> <span class='ocrx_word' id='word_1_239' title='bbox 891 3118 1028 3178; x_wconf 90' lang='lat' dir='ltr'><strong>arbitror</strong></span> <span class='ocrx_word' id='word_1_240' title='bbox 1059 3111 1184 3195; x_wconf 84' lang='grc' dir='ltr'><strong><em>(ἰατρὸν)</em></strong></span> <span class='ocrx_word' id='word_1_241' title='bbox 1218 3113 1255 3192; x_wconf 79' lang='grc' dir='ltr'><strong>δή</strong></span> <span class='ocrx_word' id='word_1_242' title='bbox 1287 3134 1347 3174; x_wconf 88' lang='grc' dir='ltr'><strong><em>ττου</em></strong></span> 
     </span>
     <span class='ocr_line' id='line_1_26' title="bbox 166 3227 1346 3310; baseline -0.002 -19"><span class='ocrx_word' id='word_1_243' title='bbox 166 3247 223 3306; x_wconf 93' lang='lat' dir='ltr'><strong>pro</strong></span> <span class='ocrx_word' id='word_1_244' title='bbox 248 3227 280 3290; x_wconf 78' lang='grc' dir='ltr'><strong>δέ</strong></span> <span class='ocrx_word' id='word_1_245' title='bbox 302 3251 371 3290; x_wconf 89' lang='grc' dir='ltr'><strong><em>ττου.</em></strong></span> <span class='ocrx_word' id='word_1_246' title='bbox 394 3232 509 3292; x_wconf 84' lang='lat' dir='ltr'><strong>Astius</strong></span> <span class='ocrx_word' id='word_1_247' title='bbox 533 3228 656 3309; x_wconf 79' lang='lat' dir='ltr'><strong>(minus</strong></span> <span class='ocrx_word' id='word_1_248' title='bbox 679 3234 765 3292; x_wconf 88' lang='lat' dir='ltr'><strong>recte</strong></span> <span class='ocrx_word' id='word_1_249' title='bbox 790 3228 911 3308; x_wconf 89' lang='lat' dir='ltr'><strong>opinor)</strong></span> <span class='ocrx_word' id='word_1_250' title='bbox 933 3231 971 3292; x_wconf 91' lang='lat' dir='ltr'><strong>ci.</strong></span> <span class='ocrx_word' id='word_1_251' title='bbox 994 3227 1026 3310; x_wconf 80' lang='grc' dir='ltr'><strong>γε’</strong></span> <span class='ocrx_word' id='word_1_252' title='bbox 1045 3251 1116 3308; x_wconf 83' lang='grc' dir='ltr'><strong><em>τιοα,</em></strong></span> <span class='ocrx_word' id='word_1_253' title='bbox 1135 3232 1169 3291; x_wconf 90' lang='lat' dir='ltr'><strong>at</strong></span> <span class='ocrx_word' id='word_1_254' title='bbox 1187 3230 1221 3290; x_wconf 92' lang='lat' dir='ltr'><strong>in</strong></span> <span class='ocrx_word' id='word_1_255' title='bbox 1243 3229 1346 3290; x_wconf 88' lang='grc' dir='ltr'><strong>46οΒ</strong></span> 
     </span>
     <span class='ocr_line' id='line_1_27' title="bbox 166 3339 1347 3425; baseline -0.003 -21"><span class='ocrx_word' id='word_1_256' title='bbox 166 3345 209 3406; x_wconf 94' lang='lat' dir='ltr'><strong>in.</strong></span> <span class='ocrx_word' id='word_1_257' title='bbox 235 3361 263 3405; x_wconf 87' lang='lat' dir='ltr'><strong>v.</strong></span> <span class='ocrx_word' id='word_1_258' title='bbox 289 3361 316 3406; x_wconf 92' lang='grc' dir='ltr'><strong><em>ο.</em></strong></span> <span class='ocrx_word' id='word_1_259' title='bbox 340 3344 498 3421; x_wconf 88' lang='lat' dir='ltr'><strong>particula</strong></span> <span class='ocrx_word' id='word_1_260' title='bbox 521 3365 553 3425; x_wconf 80' lang='grc' dir='ltr'><strong>γε</strong></span> <span class='ocrx_word' id='word_1_261' title='bbox 576 3344 610 3404; x_wconf 83' lang='grc'><strong>777</strong></span> <span class='ocrx_word' id='word_1_262' title='bbox 629 3340 663 3424; x_wconf 82' lang='grc' dir='ltr'><strong>γέ</strong></span> <span class='ocrx_word' id='word_1_263' title='bbox 686 3364 745 3404; x_wconf 80' lang='grc' dir='ltr'><strong><em>που</em></strong></span> <span class='ocrx_word' id='word_1_264' title='bbox 766 3345 805 3405; x_wconf 88' lang='lat' dir='ltr'><strong>ad</strong></span> <span class='ocrx_word' id='word_1_265' title='bbox 825 3341 876 3403; x_wconf 75' lang='lat' dir='ltr'><strong>nul</strong></span> <span class='ocrx_word' id='word_1_266' title='bbox 896 3345 1045 3419; x_wconf 84' lang='lat' dir='ltr'><strong>pertinet,</strong></span> <span class='ocrx_word' id='word_1_267' title='bbox 1066 3357 1130 3403; x_wconf 90' lang='lat' dir='ltr'><strong>non</strong></span> <span class='ocrx_word' id='word_1_268' title='bbox 1151 3345 1192 3404; x_wconf 91' lang='lat' dir='ltr'><strong>ad</strong></span> <span class='ocrx_word' id='word_1_269' title='bbox 1211 3339 1347 3421; x_wconf 72' lang='grc' dir='ltr'><strong><em>ἀγαθοῖς.</em></strong></span> 
     </span>
     <span class='ocr_line' id='line_1_28' title="bbox 166 3453 1349 3536; baseline -0.004 -17"><span class='ocrx_word' id='word_1_270' title='bbox 166 3459 361 3520; x_wconf 90' lang='lat' dir='ltr'><strong>Liebholdus</strong></span> <span class='ocrx_word' id='word_1_271' title='bbox 395 3459 512 3531; x_wconf 81' lang='lat' dir='ltr'><strong>(Black.</strong></span> <span class='ocrx_word' id='word_1_272' title='bbox 549 3458 619 3519; x_wconf 91' lang='lat' dir='ltr'><strong>Jbb.</strong></span> <span class='ocrx_word' id='word_1_273' title='bbox 657 3456 754 3536; x_wconf 88' lang='grc'>1888)</span> <span class='ocrx_word' id='word_1_274' title='bbox 790 3459 859 3518; x_wconf 88' lang='lat' dir='ltr'><strong>sinc</strong></span> <span class='ocrx_word' id='word_1_275' title='bbox 892 3473 991 3519; x_wconf 85' lang='lat' dir='ltr'><strong>causa</strong></span> <span class='ocrx_word' id='word_1_276' title='bbox 1023 3455 1130 3536; x_wconf 84' lang='grc' dir='ltr'><strong><em>ἰατρῶν</em></strong></span> <span class='ocrx_word' id='word_1_277' title='bbox 1163 3453 1212 3533; x_wconf 80' lang='lat' dir='ltr'><strong>(V.</strong></span> <span class='ocrx_word' id='word_1_278' title='bbox 1245 3456 1282 3532; x_wconf 88' lang='lat' dir='ltr'><strong>L)</strong></span> <span class='ocrx_word' id='word_1_279' title='bbox 1316 3457 1349 3515; x_wconf 89' lang='lat' dir='ltr'><strong>et</strong></span> 
     </span>
     <span class='ocr_line' id='line_1_29' title="bbox 167 3568 1347 3651; baseline -0.004 -18"><span class='ocrx_word' id='word_1_280' title='bbox 167 3572 281 3651; x_wconf 79' lang='grc' dir='ltr'><strong><em>διαίτης</em></strong></span> <span class='ocrx_word' id='word_1_281' title='bbox 304 3574 498 3648; x_wconf 86' lang='lat' dir='ltr'><strong>requirebat.</strong></span> <span class='ocrx_word' id='word_1_282' title='bbox 521 3607 560 3616; x_wconf 92' lang='lat'>-</span> <span class='ocrx_word' id='word_1_283' title='bbox 582 3569 867 3634; x_wconf 58' lang='lat' dir='ltr'><strong>immutationem</strong></span> <span class='ocrx_word' id='word_1_284' title='bbox 886 3587 943 3648; x_wconf 92' lang='lat' dir='ltr'><strong>pro</strong></span> <span class='ocrx_word' id='word_1_285' title='bbox 960 3568 1125 3631; x_wconf 79' lang='grc' dir='ltr'><strong><em>ἐθελόντων</em></strong></span> <span class='ocrx_word' id='word_1_286' title='bbox 1137 3569 1224 3644; x_wconf 92' lang='lat' dir='ltr'><strong>prob.</strong></span> <span class='ocrx_word' id='word_1_287' title='bbox 1238 3568 1347 3643; x_wconf 82' lang='lat' dir='ltr'><strong>Steph.</strong></span> 
     </span>
     <span class='ocr_line' id='line_1_30' title="bbox 171 3679 1349 3765; baseline -0.006 -16"><span class='ocrx_word' id='word_1_288' title='bbox 171 3689 298 3762; x_wconf 86' lang='lat' dir='ltr'><strong>Madvig</strong></span> <span class='ocrx_word' id='word_1_289' title='bbox 331 3688 451 3765; x_wconf 82' lang='lat' dir='ltr'><strong>Baiter,</strong></span> <span class='ocrx_word' id='word_1_290' title='bbox 485 3689 570 3761; x_wconf 86' lang='lat' dir='ltr'><strong>quod</strong></span> <span class='ocrx_word' id='word_1_291' title='bbox 603 3688 803 3764; x_wconf 88' lang='lat' dir='ltr'><strong>probassem,</strong></span> <span class='ocrx_word' id='word_1_292' title='bbox 839 3687 867 3747; x_wconf 92' lang='lat' dir='ltr'><strong>si</strong></span> <span class='ocrx_word' id='word_1_293' title='bbox 903 3687 994 3748; x_wconf 88' lang='lat' dir='ltr'><strong>Plato</strong></span> <span class='ocrx_word' id='word_1_294' title='bbox 1027 3702 1091 3747; x_wconf 81' lang='grc' dir='ltr'><strong><em>κτον</em></strong></span> <span class='ocrx_word' id='word_1_295' title='bbox 1123 3681 1205 3761; x_wconf 78' lang='grc' dir='ltr'><em>ἀλλά,</em></span> <span class='ocrx_word' id='word_1_296' title='bbox 1235 3684 1292 3744; x_wconf 90' lang='lat' dir='ltr'><strong>sed</strong></span> <span class='ocrx_word' id='word_1_297' title='bbox 1317 3679 1349 3744; x_wconf 79' lang='grc' dir='ltr'><strong>δὲ</strong></span> 
     </span>
     <span class='ocr_line' id='line_1_31' title="bbox 170 3788 1349 3880; baseline -0.006 -15"><span class='ocrx_word' id='word_1_298' title='bbox 170 3805 342 3879; x_wconf 88' lang='lat' dir='ltr'><strong>posuisset.</strong></span> <span class='ocrx_word' id='word_1_299' title='bbox 370 3805 444 3866; x_wconf 85' lang='lat' dir='ltr'><strong>Mox</strong></span> <span class='ocrx_word' id='word_1_300' title='bbox 467 3803 632 3864; x_wconf 86' lang='lat' dir='ltr'><strong>Dobreeus</strong></span> <span class='ocrx_word' id='word_1_301' title='bbox 655 3804 748 3874; x_wconf 85' lang='lat' dir='ltr'><strong>(Adv.</strong></span> <span class='ocrx_word' id='word_1_302' title='bbox 774 3788 861 3872; x_wconf 75' lang='lat' dir='ltr'><strong>orit.)</strong></span> <span class='ocrx_word' id='word_1_303' title='bbox 885 3802 924 3862; x_wconf 89' lang='lat' dir='ltr'><strong>ci.</strong></span> <span class='ocrx_word' id='word_1_304' title='bbox 949 3793 1102 3880; x_wconf 80' lang='grc' dir='ltr'><strong><em>ἡγούμεθ’</em></strong></span> <span class='ocrx_word' id='word_1_305' title='bbox 1128 3796 1176 3876; x_wconf 80' lang='lat' dir='ltr'><strong>dv,</strong></span> <span class='ocrx_word' id='word_1_306' title='bbox 1199 3814 1261 3873; x_wconf 90' lang='lat' dir='ltr'><strong>quo</strong></span> <span class='ocrx_word' id='word_1_307' title='bbox 1285 3813 1349 3860; x_wconf 90' lang='lat' dir='ltr'><strong>non</strong></span> 
     </span>
     <span class='ocr_line' id='line_1_32' title="bbox 170 3886 1347 3997; baseline -0.005 -17"><span class='ocrx_word' id='word_1_308' title='bbox 170 3934 261 3997; x_wconf 78' lang='lat' dir='ltr'><strong>opUS,</strong></span> <span class='ocrx_word' id='word_1_309' title='bbox 286 3920 325 3980; x_wconf 85' lang='lat' dir='ltr'><strong>cf.</strong></span> <span class='ocrx_word' id='word_1_310' title='bbox 350 3935 400 3981; x_wconf 83' lang='lat' dir='ltr'><strong>ex.</strong></span> <span class='ocrx_word' id='word_1_311' title='bbox 425 3933 471 3992; x_wconf 82' lang='lat' dir='ltr'><strong>gr.</strong></span> <span class='ocrx_word' id='word_1_312' title='bbox 496 3914 512 3977; x_wconf 86' lang='grc' dir='ltr'>ὁ</span> <span class='ocrx_word' id='word_1_313' title='bbox 536 3915 576 3995; x_wconf 78' lang='grc' dir='ltr'><strong>μὴ</strong></span> <span class='ocrx_word' id='word_1_314' title='bbox 601 3886 699 3995; x_wconf 77' lang='grc' dir='ltr'><strong><em>δαρεὶς</em></strong></span> <span class='ocrx_word' id='word_1_315' title='bbox 723 3912 885 3994; x_wconf 75' lang='grc' dir='ltr'><strong><em>ἅνθρωπος</em></strong></span> <span class='ocrx_word' id='word_1_316' title='bbox 909 3912 945 3975; x_wconf 80' lang='grc' dir='ltr'><strong><em>οὐ</em></strong></span> <span class='ocrx_word' id='word_1_317' title='bbox 965 3914 1144 3975; x_wconf 78' lang='grc' dir='ltr'><strong><em>παιδεύεται.</em></strong></span> <span class='ocrx_word' id='word_1_318' title='bbox 1167 3949 1208 3957; x_wconf 97' lang='grc'>-</span> <span class='ocrx_word' id='word_1_319' title='bbox 1228 3912 1347 3974; x_wconf 87' lang='lat' dir='ltr'><strong>infinit.</strong></span> 
     </span>
     <span class='ocr_line' id='line_1_33' title="bbox 171 4021 1475 4108; baseline -0.003 -18"><span class='ocrx_word' id='word_1_320' title='bbox 171 4025 246 4092; x_wconf 75' lang='grc' dir='ltr'><strong><em>εἶναι</em></strong></span> <span class='ocrx_word' id='word_1_321' title='bbox 276 4033 423 4108; x_wconf 89' lang='lat' dir='ltr'><strong>spurium</strong></span> <span class='ocrx_word' id='word_1_322' title='bbox 455 4033 541 4092; x_wconf 87' lang='lat' dir='ltr'><strong>recte</strong></span> <span class='ocrx_word' id='word_1_323' title='bbox 573 4031 736 4092; x_wconf 83' lang='lat' dir='ltr'><strong>duxerunt</strong></span> <span class='ocrx_word' id='word_1_324' title='bbox 768 4029 877 4104; x_wconf 78' lang='lat' dir='ltr'><strong>steph.</strong></span> <span class='ocrx_word' id='word_1_325' title='bbox 915 4029 977 4089; x_wconf 85' lang='lat' dir='ltr'><strong>Ast</strong></span> <span class='ocrx_word' id='word_1_326' title='bbox 1008 4029 1134 4103; x_wconf 83' lang='lat' dir='ltr'><strong>Madvig</strong></span> <span class='ocrx_word' id='word_1_327' title='bbox 1164 4029 1247 4089; x_wconf 90' lang='lat' dir='ltr'><strong>Bait.</strong></span> <span class='ocrx_word' id='word_1_328' title='bbox 1272 4027 1349 4088; x_wconf 92' lang='lat' dir='ltr'><strong>Her·</strong></span> <span class='ocrx_word' id='word_1_329' title='bbox 1473 4021 1475 4025; x_wconf 74' lang='grc'>’</span> 
     </span>
     <span class='ocr_line' id='line_1_34' title="bbox 172 4133 1351 4222; baseline -0.007 -14"><span class='ocrx_word' id='word_1_330' title='bbox 172 4149 268 4208; x_wconf 89' lang='lat' dir='ltr'><strong>werd.</strong></span> <span class='ocrx_word' id='word_1_331' title='bbox 300 4147 374 4219; x_wconf 85' lang='lat' dir='ltr'><strong>(Mn.</strong></span> <span class='ocrx_word' id='word_1_332' title='bbox 408 4147 514 4221; x_wconf 79' lang='lat'><strong>1891),</strong></span> <span class='ocrx_word' id='word_1_333' title='bbox 547 4146 600 4219; x_wconf 87' lang='lat' dir='ltr'><strong>qui</strong></span> <span class='ocrx_word' id='word_1_334' title='bbox 631 4160 704 4205; x_wconf 91' lang='lat' dir='ltr'><strong>cum</strong></span> <span class='ocrx_word' id='word_1_335' title='bbox 738 4143 899 4218; x_wconf 82' lang='lat' dir='ltr'><strong>Stephano</strong></span> <span class='ocrx_word' id='word_1_336' title='bbox 932 4143 1033 4203; x_wconf 89' lang='lat' dir='ltr'><strong>etiam</strong></span> <span class='ocrx_word' id='word_1_337' title='bbox 1065 4140 1171 4222; x_wconf 72' lang='grc' dir='ltr'><strong><em>ἐξαρκῇ</em></strong></span> <span class='ocrx_word' id='word_1_338' title='bbox 1204 4137 1250 4222; x_wconf 64' lang='lat' dir='ltr'><strong>ely.</strong></span> <span class='ocrx_word' id='word_1_339' title='bbox 1275 4133 1351 4200; x_wconf 76' lang='grc' dir='ltr'><strong><em>εἶναι</em></strong></span> 
     </span>
     <span class='ocr_line' id='line_1_35' title="bbox 171 4253 1350 4344; baseline -0.007 -22"><span class='ocrx_word' id='word_1_340' title='bbox 171 4261 362 4336; x_wconf 88' lang='lat' dir='ltr'><strong>proponeret</strong></span> <span class='ocrx_word' id='word_1_341' title='bbox 398 4260 446 4337; x_wconf 87' lang='lat' dir='ltr'><strong>,si</strong></span> <span class='ocrx_word' id='word_1_342' title='bbox 479 4274 560 4319; x_wconf 88' lang='lat' dir='ltr'><strong>usus</strong></span> <span class='ocrx_word' id='word_1_343' title='bbox 590 4258 651 4320; x_wconf 83' lang='lat' dir='ltr'><strong>adi.</strong></span> <span class='ocrx_word' id='word_1_344' title='bbox 684 4253 808 4336; x_wconf 76' lang='grc' dir='ltr'><strong><em>ἐξαρκὴς</em></strong></span> <span class='ocrx_word' id='word_1_345' title='bbox 839 4271 902 4344; x_wconf 91' lang='lat' dir='ltr'><strong>non</strong></span> <span class='ocrx_word' id='word_1_346' title='bbox 933 4270 1027 4317; x_wconf 88' lang='lat' dir='ltr'><strong>rarus</strong></span> <span class='ocrx_word' id='word_1_347' title='bbox 1054 4258 1150 4332; x_wconf 90' lang='lat' dir='ltr'><strong>esset,</strong></span> <span class='ocrx_word' id='word_1_348' title='bbox 1174 4255 1293 4316; x_wconf 89' lang='lat' dir='ltr'><strong>saltem</strong></span> <span class='ocrx_word' id='word_1_349' title='bbox 1316 4255 1350 4314; x_wconf 91' lang='lat' dir='ltr'><strong>in</strong></span> 
     </span>
    </p>
   </div>
   <div class='ocr_carea' id='block_1_3' title="bbox 175 4534 1350 4688">
    <p class='ocr_par' dir='ltr' id='par_1_8' title="bbox 175 4534 1350 4688">
     <span class='ocr_line' id='line_1_36' title="bbox 206 4534 1350 4608; baseline -0.01 -15"><span class='ocrx_word' id='word_1_350' title='bbox 206 4541 226 4608; x_wconf 90' lang='lat'><strong>¹)</strong></span> <span class='ocrx_word' id='word_1_351' title='bbox 245 4545 355 4607; x_wconf 88' lang='lat' dir='ltr'><strong>Optimls</strong></span> <span class='ocrx_word' id='word_1_352' title='bbox 374 4545 446 4593; x_wconf 93' lang='lat' dir='ltr'><strong>codd.</strong></span> <span class='ocrx_word' id='word_1_353' title='bbox 464 4545 531 4592; x_wconf 80' lang='grc' dir='ltr'><strong><em>κοινὰ</em></strong></span> <span class='ocrx_word' id='word_1_354' title='bbox 549 4557 596 4604; x_wconf 89' lang='lat' dir='ltr'><strong>pro</strong></span> <span class='ocrx_word' id='word_1_355' title='bbox 616 4547 679 4607; x_wconf 72' lang='grc' dir='ltr'><strong><em>κοινῇ</em></strong></span> <span class='ocrx_word' id='word_1_356' title='bbox 696 4541 881 4604; x_wconf 81' lang='lat' dir='ltr'><strong>praebentibus</strong></span> <span class='ocrx_word' id='word_1_357' title='bbox 898 4540 952 4586; x_wconf 83' lang='lat' dir='ltr'><strong>fere</strong></span> <span class='ocrx_word' id='word_1_358' title='bbox 970 4551 1059 4586; x_wconf 86' lang='lat' dir='ltr'><strong>omnes</strong></span> <span class='ocrx_word' id='word_1_359' title='bbox 1076 4537 1149 4584; x_wconf 85' lang='lat' dir='ltr'><strong>editt.</strong></span> <span class='ocrx_word' id='word_1_360' title='bbox 1166 4537 1236 4584; x_wconf 85' lang='lat' dir='ltr'><strong>recte</strong></span> <span class='ocrx_word' id='word_1_361' title='bbox 1251 4534 1350 4582; x_wconf 86' lang='lat' dir='ltr'><strong>obtem-</strong></span> 
     </span>
     <span class='ocr_line' id='line_1_37' title="bbox 175 4615 1170 4688; baseline -0.01 -14"><span class='ocrx_word' id='word_1_362' title='bbox 175 4629 305 4688; x_wconf 81' lang='lat' dir='ltr'><strong>perarunt.</strong></span> <span class='ocrx_word' id='word_1_363' title='bbox 324 4626 419 4673; x_wconf 83' lang='lat' dir='ltr'><strong>Vereor</strong></span> <span class='ocrx_word' id='word_1_364' title='bbox 436 4628 466 4673; x_wconf 81' lang='lat' dir='ltr'><strong>ut</strong></span> <span class='ocrx_word' id='word_1_365' title='bbox 483 4639 515 4672; x_wconf 86' lang='lat' dir='ltr'><strong>an</strong></span> <span class='ocrx_word' id='word_1_366' title='bbox 533 4623 721 4684; x_wconf 75' lang='grc' dir='ltr'><strong><em>ἂναμιμιγμᾶνινν</em></strong></span> <span class='ocrx_word' id='word_1_367' title='bbox 738 4635 785 4683; x_wconf 87' lang='lat' dir='ltr'><strong>pro</strong></span> <span class='ocrx_word' id='word_1_368' title='bbox 803 4619 983 4681; x_wconf 73' lang='grc' dir='ltr'><strong><em>ἂναμιμιγμόνοι</em></strong></span> <span class='ocrx_word' id='word_1_369' title='bbox 1001 4616 1063 4666; x_wconf 83' lang='lat' dir='ltr'><strong>terri</strong></span> <span class='ocrx_word' id='word_1_370' title='bbox 1080 4615 1170 4678; x_wconf 79' lang='lat' dir='ltr'><strong>possit.</strong></span> 
     </span>
    </p>
   </div>
   <div class='ocr_carea' id='block_1_4' title="bbox 0 0 1652 5098">
    <p class='ocr_par' dir='ltr' id='par_1_9' title="bbox 0 0 1652 5098">
     <span class='ocr_line' id='line_1_38' title="bbox 0 0 1652 5098; baseline 0 0"><span class='ocrx_word' id='word_1_371' title='bbox 0 0 1652 5098; x_wconf 95' lang='lat' dir='ltr'><strong> </strong></span> 
     </span>
    </p>
   </div>
  </div>
 </body>
</html>
