3278 5098
851 303 893 362 56

285 492 519 567 Thrasymachi
550 493 674 552 dictum
705 485 724 567 ἡ
755 486 809 567 μὲν
838 489 1014 566 δικαιοσύνη
1038 486 1190 567 ἀλλότριον
1214 486 1343 568 ἀγαθόν,
1367 488 1467 549 οἰκεία

287 601 319 665 δὲ
349 603 458 685 βλάβη,
486 600 505 682 ἡ
538 600 569 664 δὲ
598 601 699 663 ἀδικία
729 602 913 664 τούναντίον.
945 637 987 644 ·-
1011 603 1082 662 Vim
1112 603 1137 662 L
1168 599 1468 687 παρασκευασαμένη

285 719 461 805 probarunt
493 717 639 779 Schneid.
672 717 848 777 Hermann.
883 715 994 777 Stallb.
1027 715 1135 786 (1858)
1167 715 1250 776 Bait.
1275 715 1467 791 Gampbe113

287 847 346 905 ego
367 833 495 907 propter
513 845 740 906 praegressum
761 832 834 900 (361
849 830 887 900 Α)
909 825 1160 907 παρεσκευακέναι
1180 830 1360 904 perfectum
1373 845 1469 904 prae·

241 933 266 1001 0
289 945 401 1007 feram.
437 936 457 1028 Η
492 945 566 1005 Mox
597 944 668 1018 lege
699 943 839 1022 πρόθυρα
871 939 925 1020 μὲν
958 940 1018 1015 [καί
1050 945 1157 1020 σχῆμα]
1187 942 1285 1027 κύκλῳ
1307 946 1366 1002 κτλ.
1391 943 1471 1004 Vox

288 1066 384 1135 σχῆμα
415 1059 741 1134 interpretamentum
773 1059 825 1118 est
858 1057 946 1118 verbi
976 1055 1117 1135 πρόθυρα
1150 1059 1194 1127 (et
1225 1057 1346 1118 Phileb.
1380 1057 1470 1118 640

287 1173 395 1242 obvii).
418 1173 540 1233 Versus
563 1172 746 1233 Archilochi
775 1174 852 1232 sunt
875 1171 962 1233 hice:
987 1181 1026 1254 τῷ
1051 1165 1080 1230 d'
1106 1165 1148 1250 ἀρ’
1176 1168 1296 1248 ἀλάπηξ
1320 1170 1470 1249 κερδαλέη

290 1284 448 1363 συνήντετο
469 1281 473 1364 l
495 1284 611 1346 πυκνὸν
642 1284 748 1365 ἔχουσα
779 1285 852 1346 νόον
885 1287 1009 1360 (Bergk.
1042 1288 1172 1348 anthol.
1203 1288 1276 1362 Lyr.
1301 1287 1338 1348 fr.
1365 1287 1411 1347 88
1426 1291 1469 1358 a).

290 1399 351 1458 Pro
371 1395 446 1475 φησὶ
462 1398 540 1460 Ven.
563 1401 597 1457 Π
613 1398 702 1476 φήσει
721 1401 863 1476 praebet,
883 1400 967 1473 quod
986 1402 1074 1461 recte
1086 1400 1166 1461 Bklr.
1180 1401 1470 1476 Astreceperunt;

240 1510 334 1575 liar.
363 1513 396 1574 in
427 1527 580 1587 responso
611 1513 746 1590 φήσομεν
778 1515 811 1574 et
838 1514 942 1574 366Α
965 1511 1062 1589 φησει.
1088 1505 1107 1596 ΙΙ
1132 1512 1212 1574 Oum
1236 1514 1348 1587 paucis
1373 1514 1471 1574 codd.

292 1627 398 1700 legere
429 1627 515 1687 malo
548 1623 595 1686 έπλ
625 1624 681 1706 γάρ
711 1635 750 1708 τρο
775 1631 841 1701 (pro
871 1625 914 1696 τὸ)
938 1625 1112 1704 λανθάνειν,
1134 1628 1173 1689 ci.
1199 1627 1332 1689 Phaedr.
1360 1627 1471 1688 2453

291 1734 334 1799 ἐπ’
367 1735 551 1822 ὠφελείᾳ...
576 1736 766 1817 ἀποπέμπεται
795 1742 828 1800 et
851 1735 892 1799 ἐπ’
920 1738 1038 1822 εὐτυχίᾳ
1052 1785 1057 1798 .
1071 1785 1077 1798 .
1092 1785 1117 1798 ..
1143 1739 1264 1800 δίδοται.
1288 1739 1362 1800 Mox
1388 1743 1473 1816 opti·

291 1869 420 1914 morum
434 1855 523 1915 codd.
537 1855 610 1915 lect.
624 1850 710 1931 μέλει,
722 1850 772 1913 καὶ
783 1848 855 1930 ἡμῖν
867 1850 1006 1930 μελητέον
1023 1854 1143 1928 recepit
1155 1853 1266 1914 Herm.
1282 1853 1472 1926 (Schmelz.)

293 1969 420 2029 mutato
444 1965 557 2027 οάκοον
580 1967 613 2027 in
638 1963 759 2043 οάκονν,
782 1981 890 2042 prave,
912 1981 986 2027 cum
1007 1981 1048 2026 ex
1068 1966 1244 2027 adversarii
1265 1967 1374 2028 verbis
1394 1964 1475 2026 ἀλλὰ

295 2079 332 2158 δὴ
362 2079 455 2153 θεοὺς
483 2085 532 2140 κτλ
555 2082 645 2141 nulla
668 2080 830 2141 conclusio
853 2080 927 2140 duci
950 2080 1053 2153 possit
1076 2095 1179 2153 neque
1203 2076 1315 2139 οὔκουν
1340 2082 1474 2154 (partic.

294 2195 455 2268 negativa)
488 2194 755 2256 demonstrationi
785 2196 898 2267 aptum
923 2193 976 2254 sit.
1001 2193 1128 2254 Bekker
1150 2197 1183 2253 et
1207 2193 1372 2268 oampbeli
1398 2195 1476 2252 vam

294 2309 319 2368 L
342 2301 409 2367 οὐδ’
438 2303 508 2379 [καὶ]
534 2302 605 2384 ἡμῖν
629 2302 768 2382 μελητέον
794 2306 978 2380 probarunt.
1001 2305 1081 2366 Oum
1102 2321 1178 2366 vero
1198 2300 1266 2366 οὐδ’
1288 2321 1353 2367 non
1373 2308 1477 2370 facile

294 2422 327 2482 in
362 2417 411 2480 καὶ
446 2422 533 2482 abire
567 2421 717 2497 potuerit,
760 2419 904 2480 maxime
943 2419 1106 2493 probanda
1141 2423 1192 2480 est
1226 2421 1323 2481 tertia
1359 2420 1476 2500 lectio,

294 2551 391 2610 quam
413 2536 522 2610 steph.
542 2536 613 2595 Aet.
635 2533 808 2595 Schneider
828 2535 1050 2608 susceperunt,
1070 2549 1187 2607 nempe
1199 2530 1249 2592 καλ
1260 2529 1332 2611 ἡμῖν
1349 2533 1473 2608 <οά>

296 2646 442 2728 μελητέον.
465 2650 587 2709 Baiteri
609 2658 667 2709 cm
693 2651 801 2721 (quam
823 2646 1002 2721 Madvigius
1021 2648 1178 2721 probavit)
1198 2644 1247 2706 καὶ
1266 2642 1339 2724 ἡμῖν
1359 2645 1478 2728 ἀμελη-

294 2761 360 2823 τέον
391 2766 477 2824 recte
508 2762 663 2822 refutavit
687 2761 817 2836 campo.
843 2761 953 2822 dicens
980 2761 1054 2837 „tbe
1080 2762 1233 2834 meaning
1254 2762 1284 2820 is
1306 2763 1381 2823 not:
1411 2763 1477 2824 We

295 2877 388 2952 οαμλλ
416 2877 473 2936 not
502 2877 536 2935 to
568 2875 679 2935 attend
709 2877 743 2935 to
766 2875 999 2951 concealment,
1024 2876 1081 2935 but
1105 2891 1152 2935 we
1175 2877 1251 2936 need
1273 2877 1330 2936 not
1354 2878 1478 2939 attend

180 2981 182 2986 ’
294 2993 329 3052 to
359 2989 614 3052 concealment.”
638 2988 843 3050 Stallbaumii
870 2989 965 3050 lectio
987 2990 1219 3050 correctoribus
1243 2990 1388 3066 debetur,
1416 2994 1479 3065 qui

244 3103 332 3168 lieu
356 3103 478 3164 omisso
502 3104 609 3164 ruenti
635 3103 817 3164 sententiae
840 3101 869 3161 τί
890 3103 1059 3164 inserendo
1084 3103 1227 3164 subsidio
1251 3108 1425 3165 venerunt.
1458 3101 1474 3187 Η

295 3218 379 3279 Malo
402 3234 477 3279 cum
501 3218 612 3291 paucis
635 3217 724 3277 codd.
748 3215 832 3293 ἴσμεν
856 3213 906 3275 καλ
929 3221 995 3290 (pro
1019 3212 1049 3294 ἀ)
1074 3213 1244 3294 ἀκηκόαμεν
1266 3216 1383 3290 legere.
1410 3219 1479 3281 Pro

294 3328 390 3411 λόγων
421 3332 452 3402 (i.
477 3347 504 3392 e.
536 3331 631 3391 fando
663 3331 783 3400 audire)
815 3330 862 3390 vir
895 3332 1008 3391 doctus
1031 3330 1162 3406 Monttin
1187 3330 1260 3400 (vid.
1285 3332 1325 3391 ad
1350 3331 1418 3392 327
1434 3334 1478 3404 Α)

294 3441 477 3520 requirebat
507 3443 696 3523 μυθολόγων,
727 3445 810 3517 quod
841 3459 904 3505 non
938 3444 1147 3520 probandum,
1180 3445 1255 3517 quia
1285 3442 1367 3523 λόγοι
1391 3450 1481 3507 sunt

294 3565 397 3638 μῦθοι.
429 3559 474 3619 De
505 3557 602 3638 λόγοις
636 3559 759 3618 multus
790 3559 842 3618 est
872 3556 965 3618 Plato
991 3557 1023 3616 in
1048 3558 1111 3616 [ΙΙ0
1135 3557 1290 3618 divitatis
1308 3557 1401 3620 libro.
1434 3595 1479 3604 -

295 3675 370 3734 Mox
392 3673 514 3746 corrige
538 3672 584 3733 eis
608 3667 658 3730 καλ
678 3668 709 3730 έκ
730 3671 760 3742 (i.
783 3687 809 3731 e.
834 3667 901 3740 κάκ)
925 3678 984 3729 τῶν
1002 3669 1280 3750 γενεαλογησάντων
1299 3674 1357 3730 κτλ.
1378 3672 1482 3736 Licet

295 3788 399 3848 dicere
423 3783 454 3846 ἐκ
477 3792 536 3844 τῶν
559 3783 655 3864 λόγων
678 3781 728 3844 καί
751 3791 809 3843 τῶν
832 3806 858 3862 γ.
881 3803 910 3842 τι.
935 3783 1005 3844 sive
1030 3779 1062 3842 ἐκ
1085 3790 1143 3842 τῶν
1167 3805 1196 3843 τε
1220 3780 1317 3864 λόγοιν
1339 3781 1391 3844 καὶ
1412 3789 1482 3866 κτλ,

292 3917 357 3963 non
388 3916 464 3962 vero
496 3898 527 3959 ἔκ
559 3921 587 3960 τε
618 3907 676 3960 τῶν
706 3899 802 3979 λόγων
833 3896 883 3958 καί
914 3907 981 3958 τῶν.
1008 3933 1048 3943 -
1074 3897 1143 3957 V⁸¹11
1171 3899 1195 3958 L
1219 3895 1358 3977 ἀγανοῖσι
1380 3903 1481 3963 recte

292 4016 404 4076 Stailb.
437 4016 546 4086 (1858)
578 4015 734 4088 probavit.
768 4011 848 4073 Oum
880 4012 968 4072 enim
993 4013 1087 4072 modo
1112 4013 1308 4072 Adimantus
1332 4012 1479 4078 Homeri

294 4146 407 4191 versus
430 4130 535 4190 citans
559 4126 699 4205 εὐχωλαῖς
723 4124 881 4206 ἀγαναῖσιν
907 4126 1025 4186 dixerit
1054 4126 1199 4196 (Homeri
1223 4126 1311 4186 codd.
1337 4124 1480 4212 εὐχωλῇς

292 4240 438 4327 ἀγανῇσιν
471 4243 589 4312 exhib.)
622 4242 799 4313 eademque
832 4239 929 4300 verba
959 4253 1045 4300 nunc
1076 4240 1182 4315 iteret,
1217 4239 1394 4300 verisimile
1422 4248 1482 4305 est

291 4354 429 4436 ἀγαναῖσι
462 4358 581 4428 (ionica
604 4356 709 4416 forma
733 4355 831 4428 igitur
854 4353 906 4415 bic
929 4354 1048 4414 offendi
1071 4369 1131 4414 nos
1154 4369 1217 4414 non
1242 4356 1377 4430 oportet,
1405 4359 1478 4420 vid.

291 4472 331 4532 ad
363 4473 426 4532 345
439 4472 474 4541 Ε)
506 4488 527 4532 a
557 4472 691 4532 Platone
722 4471 881 4544 scriptum
905 4485 987 4545 esse,
1017 4471 1074 4530 sed
1098 4470 1316 4545 superscripto
1339 4466 1479 4555 ἀγανῇσι

292 4599 310 4642 ο
334 4586 429 4642 textu
452 4584 582 4656 pulsum
606 4599 689 4658 esse,
714 4584 798 4643 sicut
821 4583 855 4640 in
880 4583 983 4642 aeto
1010 4597 1107 4655 super
1130 4579 1221 4642 λιστσλ
1244 4582 1349 4644 altera
1373 4582 1480 4647 lectio
