3260 5098
712 284 774 343 129

158 459 269 536 δικαίας
299 487 328 526 ιε
359 465 410 527 καὶ
440 467 564 544 ἀδίκους
587 476 740 551 emeritae,
765 491 847 549 quas
872 477 1061 550 dignoscere
1085 495 1179 554 posse
1205 487 1329 557 oportet

158 591 240 654 eum,
271 581 325 652 qui
355 583 466 644 iustus
498 601 630 648 manere
664 588 753 650 velit.
787 589 1029 665 Quodammodo
1061 593 1114 654 hio
1137 601 1189 672 τῆς
1212 591 1329 670 ἀδικίας

157 687 371 755 definitionem
403 696 470 757 iam
501 701 685 775 praeparari
717 716 780 761 uon
815 701 946 780 infitior,
977 719 1110 780 prorsus
1144 709 1328 783 absolutam

156 817 226 864 osse
247 821 339 880 nego.

37 909 134 976 ull
200 917 330 981 Variam
361 922 533 986 lectionem
566 929 666 1005 Δῆλον
699 930 821 991 omisso
852 928 896 990 διι
919 935 1006 993 recte
1030 933 1113 994 Bait.
1139 935 1172 994 et
1197 933 1327 1011 campo.

106 1023 132 1087 B
156 1031 337 1110 probarunt,
362 1037 461 1098 etiam
487 1040 645 1101 Stobaeus
670 1040 713 1101 δἐι
736 1044 856 1104 omisit.
879 1035 899 1127 ΙΙ
921 1043 1016 1106 Oodd.
1037 1047 1153 1109 deterr.
1176 1047 1329 1109 δουλεύειν

154 1151 193 1224 τῷ
214 1153 267 1204 νοῦ
291 1143 414 1226 ἀρχικοῦ
437 1147 542 1230 γένους
566 1149 628 1212 ἀνκι
647 1155 875 1217 exhibentibus
895 1172 1011 1219 omnes
1031 1160 1121 1220 editt.
1142 1165 1327 1235 paruerunt.

155 1255 214 1316 Pro
243 1267 283 1342 τῷ
314 1269 368 1320 νοῦ
397 1263 431 1323 iu
461 1265 593 1339 optimis
624 1269 715 1328 codd.
748 1268 889 1342 legimus
912 1279 965 1329 τοῦ
990 1265 1018 1330 δ’
1046 1263 1085 1331 ού
1110 1272 1274 1352 δουλεύειν,
1296 1277 1329 1336 iu

154 1369 226 1430 alils
245 1380 285 1431 νύ
306 1367 337 1432 δ’
358 1365 397 1434 ού
418 1375 580 1456 δουλεύειν,
599 1381 683 1440 uude
704 1381 884 1454 Madvigius
904 1382 1032 1444 effinxit
1053 1387 1136 1458 quod
1149 1387 1182 1446 iu
1195 1387 1328 1450 Vindob.

153 1483 179 1542 E
201 1486 358 1561 scriptum
379 1493 499 1568 exstat,
523 1508 640 1569 nempe
660 1492 824 1572 δουλεύειν,
842 1505 881 1578 τῷ
902 1490 931 1554 δ’
955 1488 994 1556 αὖ
1020 1495 1143 1574 <μὴ>
1167 1499 1330 1578 δουλεύειν,

154 1593 275 1675 ἀρχικοῦ
303 1606 364 1679 καλ,
394 1605 514 1666 addens
541 1623 598 1683 „ac
620 1608 759 1669 fortasse
786 1609 819 1669 iu
843 1609 905 1670 hac
929 1609 1034 1670 forma
1058 1613 1212 1673 orationis
1236 1614 1328 1675 Plato

157 1710 434 1787 <ού>δουλεύειν
465 1719 570 1782 dicere
600 1736 701 1782 ausus
732 1724 794 1798 est,
817 1718 921 1800 κρέυει
946 1723 1123 1800 cogitaus'’,
1147 1727 1239 1803 male,
1265 1743 1329 1788 uon

154 1825 247 1886 modo
271 1831 354 1902 quod
377 1833 513 1894 κοιούκου
539 1831 623 1906 ὄντος
647 1837 687 1897 ad
710 1852 814 1896 uuum
836 1838 967 1898 tautum
994 1834 1080 1917 μέρος
1102 1839 1252 1916 pertinet,
1273 1842 1330 1901 sed

153 1939 252 2001 etiarn
284 1946 368 2016 quod
398 1956 437 2030 up
469 1942 508 2018 (δ’
525 1937 564 2007 αύ
596 1945 636 2025 μδ)
669 1948 761 2020 δουλ.)
789 1951 861 2010 tum
892 1952 1030 2011 absurde
1063 1953 1102 2012 ad
1127 1949 1159 2011 κδ
1187 1950 1256 2013 ὅλον
1279 1961 1330 2032 τῆς

153 2061 252 2133 ψυχῆς
284 2058 394 2119 referri
425 2062 560 2135 oportet.
597 2062 745 2136 Plerique
777 2062 907 2124 Stobaei
938 2065 1027 2125 codd.
1063 2080 1102 2124 ea
1131 2066 1231 2127 ¹verba
1265 2083 1329 2127 non

152 2171 275 2231 addunt
304 2175 400 2242 (unus
430 2182 514 2253 χιιιού
544 2183 598 2235 τοῦ
629 2170 658 2235 δ’
693 2167 749 2235 οὖν
780 2175 933 2237 δουλεύειν
964 2179 1116 2255 praebet),
1150 2183 1330 2254 (1110116161

151 2283 300 2346 librarios
330 2287 384 2348 hic
414 2289 527 2350 turbas
557 2289 662 2350 clisse.
702 2290 833 2365 Vulpctc
859 2291 954 2365 δούλοιν
988 2293 1143 2352 servande
1166 2297 1217 2353 cat.
1242 2294 1329 2354 Lieb·

150 2397 268 2459 holdus
289 2399 405 2470 (Fleck.
426 2402 496 2464 Jbb.
521 2395 617 2474 1888)
637 2405 670 2464 ot
690 2404 847 2464 Richards
867 2403 979 2474 (Olass
1001 2405 1080 2465 Rev.
1106 2406 1201 2474 1893)
1224 2406 1331 2466 verbis

150 2509 274 2591 κρέκειν
308 2511 387 2597 αύτῷ
419 2514 571 2575 δουλεύειν
601 2517 715 2577 offensi
746 2517 952 2578 coniecerunt
980 2517 1032 2578 hic
1068 2513 1201 2595 [κρέκειυ
1225 2516 1329 2600 αύτῷ)

151 2625 207 2687 ille
240 2623 343 2710 [αύτῷ]
377 2627 529 2688 δουλεύειν
560 2651 600 2715 τρο
631 2631 727 2701 (dub.)
758 2637 812 2689 νοῦ
842 2633 902 2706 κτλ,
932 2645 1069 2703 quorum
1103 2631 1217 2691 neutro
1249 2646 1329 2705 opus

151 2743 212 2801 est.
238 2775 279 2784 —
303 2741 377 2801 Mox
400 2744 522 2817 corrige
545 2743 599 2820 τήν
624 2765 656 2823 χε
679 2741 799 2803 ἀδικίαν
821 2740 871 2802 καὶ
894 2747 954 2820 καλ,
978 2743 1053 2816 quia
1076 2743 1234 2803 articulus
1253 2746 1328 2804 ante

149 2855 275 2929 reliqua
304 2857 436 2916 nomina
467 2856 580 2918 abesse
604 2858 726 2933 nequit,
750 2858 778 2917 si
807 2858 940 2930 vulgata
964 2858 1129 2931 servatur;
1154 2857 1218 2917 vid.
1244 2857 1329 2917 diota

148 2970 189 3030 ad
209 2970 275 3030 334
295 2969 330 3030 R.
352 3004 392 3014 —
413 2963 484 3031 Par¹
504 2972 533 3031 Α
552 2971 626 3033 leot.
646 2969 737 3030 ιαύιά
757 2967 811 3048 μὲν
831 2961 887 3030 ούν
906 2979 997 3030 ναύια
1017 2971 1083 3031 fere
1103 2987 1218 3033 omnes
1237 2972 1327 3034 editt.

148 3085 296 3145 recentes
319 3087 519 3162 receperunt,
543 3087 639 3161 male,
664 3101 740 3146 cum
763 3086 810 3145 sic
834 3085 976 3146 Glaucen
1000 3101 1019 3145 a
1039 3086 1201 3160 proposito
1224 3086 1330 3146 aliena

148 3197 342 3274 respoudeat
371 3214 474 3272 neque
505 3199 618 3260 idoneo
651 3213 806 3272 responso
834 3195 950 3269 ἀδικίας
981 3198 1225 3271 investigationi
1254 3197 1329 3258 finis

148 3312 345 3387 imponatur.
377 3312 506 3373 Stobaei
536 3328 650 3387 parum
683 3311 866 3385 elegantem
897 3311 1069 3372 lectionem
1094 3307 1247 3387 corripio
1272 3301 1329 3369 ούν

148 3432 242 3485 ναύια
262 3425 419 3486 Richards
438 3425 551 3496 (class
571 3426 650 3487 Rev.
671 3427 766 3496 1893)
780 3427 812 3486 et
826 3424 956 3499 damph.
971 3425 1156 3499 probarunt.
1170 3425 1327 3497 Equidem

147 3541 228 3614 puto
253 3538 394 3600 Socratis
418 3540 515 3600 verba
540 3532 648 3598 τοιαῦτ’
674 3535 744 3597 ἀκυα
768 3542 817 3597 nrt
840 3554 942 3612 paene
966 3538 1112 3610 flagitare
1136 3552 1328 3612 responsum

147 3654 230 3715 hoce
259 3660 381 3712 ιοιαύια
411 3643 657 3731 plecteretur
681 3668 785 3726 neque
809 3653 903 3712 aliter
925 3651 1018 3711 Astio
1044 3651 1212 3711 videbatur
1235 3649 1327 3710 corri-

147 3766 241 3842 genti
275 3773 367 3825 ταῦτα
397 3761 450 3843 μὲν
481 3757 537 3826 ούν
568 3775 690 3826 τοιαῦτα
721 3767 772 3837 (ef.
804 3766 898 3840 Soph.
931 3765 1030 3825 111601.
1063 3764 1126 3825 686
1157 3759 1208 3822 καὶ
1236 3769 1329 3822 ταῦτα

148 3875 206 3957 μὲν
240 3883 382 3950 τοιαῦτα).
418 3872 529 3941 Stallb¹
568 3882 677 3951 (1829)
708 3880 804 3940 160110
835 3887 927 3938 ταῦτα
958 3873 1012 3954 μὲν
1044 3868 1100 3936 ούν
1131 3885 1221 3936 ταῦτα
1254 3876 1329 3936 ferri

102 3985 125 4054 11
145 3994 267 4068 potest.
293 3984 312 4076 ΙΙ
336 3993 441 4054 Verba
461 3989 500 4065 ὥς
520 3990 616 4052 ἐκεῖνοι
637 3990 669 4053 ἐν
689 3993 811 4070 σώματι,
833 3999 923 4051 ταῦτα
942 3988 1067 4074 ἐνψυχῇ
1081 3991 1190 4065 spuria
1203 4004 1328 4050 censeo.

147 4108 238 4168 Num
265 4107 378 4168 credas
401 4107 525 4170 Socrati
544 4108 766 4168 necessarium
790 4107 898 4166 visum
924 4121 996 4166 esse
1021 4099 1191 4165 docerer&
1214 4098 1329 4181 ὑγιεινὰ

147 4222 190 4284 ad
226 4235 352 4298 corpus,
386 4218 437 4292 νὰς
467 4220 583 4292 δικαίας
614 4219 733 4299 κράξεις
765 4221 804 4280 ad
838 4219 984 4278 animum
1010 4218 1196 4292 pertinere?
1219 4217 1329 4290 Apage

147 4337 272 4409 ougast
305 4335 376 4395 Iam
399 4335 517 4396 inscita
539 4336 712 4411 structura,
736 4350 801 4408 qua
823 4333 880 4393 illa
903 4334 1002 4392 verba
1024 4331 1156 4404 reliquis
1179 4330 1331 4390 adiuncta

149 4449 241 4525 suut,
275 4448 538 4523 interpolatorem
573 4449 688 4525 prodit.
723 4447 781 4508 Est
815 4461 880 4506 una
915 4461 932 4505 e
967 4445 1053 4504 notis
1086 4443 1328 4518 marginalibus

99 4555 271 4640 liquibus
291 4564 404 4624 textus
429 4564 615 4625 Platonicus
639 4564 742 4623 adhuc
765 4562 904 4621 infectus
929 4562 989 4618 est.
1023 4549 1042 4640 ΙΙ
1074 4557 1145 4614 vam
1170 4557 1194 4615 L
1215 4553 1329 4636 δχίειαν

1236 4661 1251 4704 e
