3260 5098
728 355 768 416 91

157 544 269 619 paucis
300 542 389 604 codd.
421 540 531 622 χαίρων
564 539 636 614 [καὶ]
669 540 900 619 καταδεχόμενος
917 535 937 613 ¹)
965 543 1142 605 ediderunt.
1169 545 1334 621 campbell

157 659 286 731 propter
308 655 496 717 Aristotelis
518 655 601 728 (Eth.
626 655 750 716 Nicom.
775 656 807 715 ΙΙ
831 657 862 732 8,
886 657 904 715 2
931 654 979 715 δεῖ
997 645 1092 733 ἦχθαί
1113 677 1175 729 νας
1199 654 1231 718 ἐκ
1250 655 1335 736 νέων,

159 767 196 841 ὡς
226 766 241 829 ὁ
267 767 393 829 Πλάτων
417 767 520 846 φησίν,
543 766 614 829 ὥστε
637 767 749 848 χαίρειν
772 789 801 828 τε
824 765 873 827 καὶ
898 771 1059 828 λυπεῖσθαι
1082 762 1126 842 οἷς
1151 770 1213 842 δεῖ)
1237 772 1335 833 verba

158 884 382 945 Vermehrenii
406 885 465 946 olm
482 883 679 959 probandam
700 882 794 943 duxit
814 882 949 944 mirilico
970 884 1171 946 caecutiens:
1192 886 1335 960 respexit

159 999 247 1059 enim
278 997 412 1059 Aristot.
444 1013 509 1059 non
538 996 698 1058 insulsam
730 996 822 1058 illam
853 997 1123 1075 emendationem,
1148 999 1204 1059 sed
1228 999 1334 1074 ipsam

161 1113 326 1186 vulgatam
358 1110 468 1191 χαίρων
498 1107 713 1189 καταδέχεσθαι
743 1109 784 1182 εἰς
814 1108 869 1187 τὴν
900 1108 1002 1189 ψυχὴν
1031 1113 1064 1171 et
1086 1115 1181 1189 μισεῖν
1206 1109 1246 1172 ἔτι
1269 1109 1335 1184 νέος

159 1223 209 1286 ὥν.
238 1225 455 1287 Membrorum
479 1225 680 1287 concinnitas
703 1224 838 1298 requirit
861 1226 898 1285 ut
921 1234 960 1308 τῷ
984 1229 1079 1302 μισεῖν
1102 1227 1280 1300 opponatur
1303 1224 1335 1285 rb

159 1339 269 1419 χαίρων
281 1336 502 1418 καταδέχεσθαι.
515 1339 715 1401 Aduerbium
728 1334 828 1419 ὀρθῶς
840 1353 905 1400 11011
917 1339 957 1400 ad
971 1338 1171 1419 δυσχεραίνων
1184 1340 1334 1414 pertinet.

41 1453 88 1512 402
113 1451 139 1519 A
206 1454 306 1515 Recte
329 1454 396 1514 tere
418 1468 533 1514 omnes
557 1454 648 1515 editt.
673 1469 699 1514 c.
723 1453 856 1528 optimis
880 1452 969 1514 codd.
995 1450 1044 1512 καὶ
1067 1455 1140 1528 post
1164 1449 1234 1533 πρὶν
1258 1455 1335 1514 omi·

161 1569 283 1642 serunt,
319 1566 395 1642 quia
428 1568 501 1642 post
532 1567 630 1629 verba
664 1563 704 1626 ἔτι
735 1564 802 1638 νέος
833 1563 875 1626 ὥν
907 1566 1001 1641 plane
1033 1567 1185 1629 abundat.
1216 1568 1336 1630 Deinde

161 1683 256 1743 redde
288 1681 509 1757 interpolatori
539 1681 638 1742 verba
668 1677 684 1740 ὁ
715 1679 793 1741 οὕτω
825 1680 952 1759 τραφείς.
982 1714 1021 1724 -
1047 1681 1085 1740 In
1108 1681 1137 1740 A
1160 1681 1219 1742 ult.
1244 1682 1335 1744 editt.

162 1796 234 1858 inde
266 1795 306 1856 ab
336 1796 523 1856 Hermanno
549 1809 606 1870 pro
629 1787 672 1866 οἷς
698 1791 756 1854 ἔστι
778 1794 837 1866 (sic
860 1794 931 1854 Par.
955 1794 994 1865 Α)
1018 1795 1187 1856 ediderunt
1210 1788 1254 1867 οἷς
1278 1793 1337 1855 ἔστι

162 1908 603 1990 ραν11αἱρ1ααννεριφερόμενα
623 1910 664 1971 ad
683 1907 832 1970 λανθάνον
851 1908 1038 1986 relerentes,
1059 1923 1122 1983 quo
1137 1909 1183 1970 nil
1194 1909 1337 1985 ineptius

163 2027 222 2086 est.
248 2024 407 2101 Quidnam
432 2024 529 2085 verba
552 2021 599 2084 ὅτε
621 2021 656 2083 τὰ
680 2027 805 2102 στοιχεῖα
829 2019 912 2104 ὀλίγα
936 2020 1007 2084 ὄντα
1026 2021 1068 2101 μὴ
1087 2022 1236 2084 λανθάνοι
1257 2044 1338 2104 περι-

163 2136 311 2216 φερόμενα
341 2134 374 2197 ἐν
402 2135 513 2196 ἅπασιν
537 2129 581 2209 οἷς
606 2135 664 2197 ἔστι
688 2137 870 2211 significent
895 2140 1050 2213 exputare
1073 2137 1216 2198 nondum
1239 2139 1337 2213 potui.

163 2253 199 2313 In
230 2267 372 2313 errorem
404 2252 493 2314 ducti
519 2253 597 2314 sunt
623 2252 685 2312 viri
708 2253 759 2314 dd.
786 2252 893 2313 verbis
917 2252 961 2323 (in
984 2249 1003 2328 ὅ
1027 2251 1059 2324 O)
1082 2258 1235 2330 πανταχοῦ
1258 2272 1338 2331 περι-

164 2361 321 2444 φερόμενα,
351 2381 433 2441 quae
464 2381 562 2442 prave
590 2382 610 2428 a
633 2364 820 2446 γνωρίζωμεν
843 2367 981 2441 pendere
1004 2367 1168 2441 putarunt.
1193 2364 1339 2426 Platonis

164 2480 249 2540 enim
281 2481 443 2543 sententia
473 2482 553 2543 haec
584 2482 652 2544 est:
681 2483 718 2542 ut
740 2481 923 2542 litterarum
947 2496 1113 2557 numerus,
1137 2493 1337 2554 quamquam

164 2609 204 2653 ex
226 2594 267 2655 iis
286 2594 396 2655 omnia
415 2595 573 2657 vocabula
592 2596 662 2658 sive
682 2611 782 2671 parva
801 2597 871 2656 sive
892 2609 1012 2670 magna
1028 2596 1187 2670 constant,
1201 2593 1339 2667 exiguus

163 2709 272 2768 tamen
306 2709 366 2785 est,
398 2709 446 2769 sic
476 2711 509 2772 et
532 2710 691 2771 virtutum
716 2712 750 2772 et
773 2710 927 2771 vitiorum
950 2722 1071 2784 paucae
1094 2708 1202 2768 ubivis
1225 2708 1339 2769 obviae

165 2821 286 2896 species
310 2823 442 2883 exstant
466 2826 557 2897 (quas
578 2824 724 2898 cognitas
742 2824 859 2885 habere
881 2824 932 2883 ost
951 2819 1094 2899 μουσικὸν
1116 2813 1212 2892 εἶναι).
1225 2821 1339 2895 Itaque

166 2936 260 2997 verba
284 2932 367 3016 dilys
390 2933 461 2997 dvm
485 2937 525 2998 ad
549 2936 589 3016 μὴ
613 2937 761 2998 λανθάνοι
781 2937 948 2998 referenda
967 2951 1083 2997 censeo
1105 2937 1138 2998 et
1157 2932 1216 2996 lou
1235 2934 1338 3006 (encli-

166 3050 236 3121 tice)
268 3049 483 3113 scribendum.
516 3051 655 3113 APlatt
678 3051 791 3122 (Closs.
817 3051 895 3112 Rev.
923 3051 1019 3121 1889)
1044 3052 1119 3112 ante
1143 3042 1186 3121 οἷς
1210 3064 1339 3124 praepo·

167 3164 317 3226 altionem
339 3162 371 3225 tv
396 3165 513 3227 ultima
536 3165 625 3227 vocis
648 3163 758 3224 ἅπασιν
782 3164 908 3239 syllaba
931 3165 1118 3240 absorptam
1138 3165 1171 3226 et
1191 3178 1339 3224 revocan-

167 3277 239 3338 dam
259 3293 332 3340 esse
348 3279 442 3340 duxit
458 3281 580 3350 (sonna
591 3279 718 3341 dicente
729 3279 758 3340 J.
773 3278 857 3340 (took
870 3278 1015 3340 Wilsono
1028 3278 1061 3338 in
1073 3279 1241 3353 Academy
1253 3277 1339 3352 877),

167 3391 302 3454 tortasse
326 3394 423 3470 recte,
449 3407 523 3453 cum
546 3393 740 3468 praepositio
760 3393 836 3454 ante
859 3408 947 3468 pron.
972 3392 1109 3453 relativa
1124 3407 1188 3453 non
1212 3407 1341 3467 semper

167 3506 344 3584 omittatur,
373 3505 437 3567 vid.
462 3521 512 3567 ex.
536 3521 583 3581 gr.
608 3507 768 3567 Phaedon.
796 3509 836 3568 76
860 3507 897 3583 D,
923 3506 976 3566 ubi
998 3505 1114 3580 optimi
1137 3506 1225 3566 codd.
1250 3502 1341 3564 ἀπόλ-

167 3623 255 3697 λνμεν
286 3616 319 3678 ἐν
347 3613 425 3704 ᾧπερ
446 3620 573 3691 (deterr.
600 3617 631 3679 ἐν
656 3619 892 3691 omittentibus)
917 3619 1079 3680 exhibent.
1104 3619 1148 3679 At
1173 3618 1235 3679 vid.
1260 3618 1339 3692 Rep.

169 3736 231 3796 520
264 3734 291 3794 D
326 3729 357 3793 ἐν
389 3730 471 3792 πόλει
501 3725 521 3816 ᾗ
552 3735 601 3792 nrt
633 3734 666 3795 et
689 3733 853 3795 Schaeierl
875 3734 987 3794 notam
1011 3733 1051 3793 ad
1076 3731 1220 3807 Sophocl.
1246 3731 1281 3792 0.
1307 3730 1340 3793 O.

122 3850 241 3919 11749.
274 3839 294 3932 ΙΙ
326 3846 455 3923 Optime
485 3846 651 3908 Herwerd.
683 3847 757 3917 (Mn.
793 3846 887 3924 1888,
914 3835 1010 3917 1881)
1035 3846 1133 3907 verba
1156 3841 1195 3917 ὡς
1220 3843 1256 3905 od
1281 3841 1342 3904 δέοι

167 3961 366 4022 αἰσθάνεσθαι
397 3959 501 4022 eiecit.
533 3959 611 4021 Mihi
641 3974 704 4021 non
736 3960 830 4021 modo
862 3959 986 4035 frigida,
1019 3960 1199 4021 sedetiam
1225 3958 1341 4018 vitiosa

167 4075 329 4137 videntur:
355 4089 472 4135 sensus
495 4074 583 4137 enirn
606 4074 812 4148 negationem
837 4071 873 4134 od
897 4073 1032 4135 minimo
1056 4073 1194 4148 patitur;
1220 4070 1342 4132 etenim

165 4189 192 4250 si
222 4188 342 4264 aliquid
374 4184 560 4266 ἀτιμάζομεν,
590 4187 622 4248 ld
653 4187 792 4250 iacimus
823 4184 862 4260 ὡς
887 4186 923 4248 od
948 4183 1017 4247 δέον
1041 4185 1133 4263 alcu,
1156 4186 1206 4246 sin
1230 4185 1341 4244 autem

166 4303 283 4377 aliquid
308 4300 364 4363 οὐκ
388 4299 574 4380 ἀτιμάζομεν,
596 4301 628 4363 id
651 4302 790 4363 facimus
813 4297 852 4373 ὡς
874 4297 943 4362 δέον
962 4298 1042 4359 αἰσθ.
1064 4300 1134 4360 sive
1154 4294 1193 4370 ὡς
1216 4295 1251 4358 οὐ
1273 4293 1342 4358 δέον

166 4414 204 4494 μὴ
239 4416 330 4477 alcu..
365 4416 441 4479 Sine
476 4431 575 4478 causa
609 4415 766 4477 Richards
799 4415 912 4488 (class.
944 4415 1023 4478 Rev.
1058 4414 1153 4484 1893)
1186 4427 1242 4489 pro
1273 4407 1342 4473 δέον

198 4659 217 4730 ¹)
236 4663 295 4713 Sina
313 4677 392 4712 causa
409 4663 457 4712 ast
475 4676 522 4724 pro
539 4662 726 4724 καταδιχόμινος
743 4661 891 4722 requirebat
908 4661 1104 4728 παραδεχόμενος.
