3278 5098
702 353 744 420 65

144 543 209 606 Mihi
237 546 387 608 Socrates
411 545 608 607 Glauconem
627 545 826 619 interrogare
849 545 986 620 videtur,
1011 543 1096 609 sicut
1119 564 1196 610 mox
1218 543 1249 628 (ἕ
1269 547 1306 628 E)

143 659 250 721 iterum
285 661 380 734 rogat
413 656 433 738 ἢ
465 667 528 731 πῶς
558 657 645 718 ἔσται.
679 694 719 701 —-
749 660 821 721 Par.
854 652 1020 723 A1exhlb.
1053 659 1166 741 ἐκείνης
1189 655 1228 723 αὖ
1252 681 1307 741 pro

105 759 254 847 Εέκείκεις
286 765 336 834 αὖ.
367 765 386 858 ΙΙ
418 774 546 849 Optimo
577 774 646 834 iure
678 774 842 835 Herwerd.
868 771 942 852 (hin.
970 772 1067 854 1883)
1092 778 1190 838 verba
1213 774 1242 850 ἐξ
1266 769 1308 839 ὧν

143 886 253 962 μάλιστα
267 932 415 949 ........
447 886 582 967 γίγνηται
614 887 654 947 ad
687 887 867 960 marginem
899 887 1066 966 relegavit,
1097 893 1209 966 utpote
1233 909 1308 954 cum

142 1003 331 1076 praegressis
353 998 447 1079 μηδέν
470 997 503 1080 γε’
525 1021 572 1062 πω
595 997 723 1080 λέγωμεν
747 996 809 1078 μήτ’
837 1001 866 1061 εἴ
885 1025 911 1061 τι
934 1001 1028 1064 κακὸν
1050 1008 1100 1063 κτλ
1119 1006 1214 1080 plane
1233 1023 1308 1082 pug·

141 1117 250 1178 nantia.
288 1117 363 1176 Mox
397 1115 482 1176 idem
519 1111 552 1192 (l.
586 1112 621 1193 l.)
652 1131 709 1190 pro
739 1109 798 1174 ἀλλ’
832 1113 889 1200 ὅλῳ
921 1118 1055 1191 requirit
1085 1115 1158 1178 ἀλλὰ
1184 1119 1310 1205 μεγάλῳ,

142 1245 231 1302 quam
249 1235 311 1292 cam
330 1231 463 1305 probare
484 1247 546 1291 non
567 1245 711 1307 possum,
729 1230 804 1304 quia
824 1227 891 1302 ὅλος
909 1231 961 1291 hic
973 1231 1135 1304 significat
1150 1233 1308 1311 ,iustns”,

145 1345 350 1421 ,perlectus”,
378 1345 548 1420 ,omnibus
567 1346 713 1405 numeris
737 1345 919 1419 expletue.”

40 1445 124 1513 tili
182 1460 262 1534 Lege
290 1457 387 1536 νυνδὴ
410 1459 431 1520 i.
457 1475 484 1520 e.
508 1455 580 1538 ἄρτι.
604 1493 647 1501 -
671 1458 751 1520 Fere
773 1475 888 1520 omnes
911 1461 1002 1522 editt.
1027 1459 1055 1519 τί
1077 1457 1110 1520 δέ
1131 1476 1188 1536 pro
1211 1461 1240 1521 τί
1261 1461 1313 1522 δαί

143 1573 313 1648 ediderunt,
345 1573 429 1646 quod
459 1573 707 1647 improbandum
737 1589 863 1650 censeo,
895 1574 967 1634 vide
998 1575 1084 1635 dicta
1116 1576 1156 1636 ad
1183 1577 1246 1636 343
1271 1578 1309 1636 A.

144 1686 286 1748 Fortasse
320 1685 349 1744 τί
382 1685 420 1763 δή
449 1702 469 1747 a
499 1687 633 1748 Platone
668 1687 825 1762 scriptum
857 1688 928 1748 tuit.
958 1687 1003 1748 Ut
1033 1686 1063 1746 τί
1084 1686 1144 1765 dal,
1165 1698 1227 1760 πῶς
1252 1688 1311 1766 δαί,

101 1793 125 1857 Β
145 1799 186 1860 sio
215 1802 248 1862 et
277 1799 306 1859 τί
335 1799 383 1877 δή,
398 1776 474 1871 πῶς
506 1799 543 1878 δή
567 1801 759 1861 admirantis
782 1803 843 1862 est.
868 1793 888 1886 ΙΙ
913 1802 973 1862 Pro
997 1801 1124 1878 πεφύκει
1148 1819 1175 1863 c.
1199 1803 1311 1878 paucis

37 1919 39 1946 ³
143 1915 225 1975 codd.
256 1912 396 1990 ἐπεφύκει
427 1915 600 1988 legendum
631 1917 691 1976 est.
714 1915 853 1976 Etiamsi
884 1917 1052 1990 augmenti
1079 1917 1264 1992 aphaeresis
1293 1932 1312 1977 a

143 2027 301 2090 Platonica
324 2030 468 2090 oratione
491 2046 555 2091 non
583 2030 688 2090 aliena
712 2032 810 2106 esset,
833 2031 945 2090 tamen
965 2031 1027 2106 hic,
1048 2032 1202 2105 quonlam
1223 2031 1312 2093 nulla

142 2141 231 2216 longa
249 2143 376 2218 syllaba
386 2145 559 2220 praecedit,
572 2144 701 2205 admitti
714 2145 870 2218 nequiret.
885 2146 989 2222 Quam
1002 2145 1095 2206 facile
1107 2146 1141 2204 in
1153 2144 1313 2218 scriptura

143 2257 255 2316 unciali
288 2259 315 2314 E
341 2258 415 2331 poet
439 2257 464 2315 O
487 2257 635 2318 excidere
658 2257 799 2332 potuerit
822 2253 1125 2336 (πρΟΟΟΕπεφύκει)
1148 2259 1313 2320 neminem

37 2427 39 2464 ,
104 2368 247 2442 dirigiat.
285 2362 304 2455 ΙΙ
339 2371 502 2431 Venatum
540 2373 569 2429 ll
604 2368 824 2449 &reppererunt
859 2373 1067 2447 praebentem
1103 2373 1207 2433 secuti
1238 2374 1315 2432 sunt

37 2465 39 2498 '
144 2483 219 2544 Blrlr.
254 2487 288 2546 et
321 2486 453 2560 Astius;
486 2500 561 2546 cum
593 2501 668 2546 vero
701 2487 761 2546 hac
792 2486 825 2546 in
861 2488 952 2561 parte
976 2487 1076 2547 codex
1100 2485 1314 2559 interpolatus

99 2588 194 2673 bsir,
223 2614 286 2659 non
316 2600 441 2659 temere
473 2599 543 2660 eius
574 2599 730 2660 lectiones
761 2600 961 2674 recipiendae
992 2601 1079 2659 sunt.
1104 2589 1124 2682 ΙΙ
1148 2598 1313 2659 Herwerd.

144 2709 213 2786 (Mn.
236 2708 334 2789 1883)
355 2712 391 2772 ci.
415 2710 513 2773 ὅπλων
537 2715 577 2784 [τε
593 2709 642 2772 καὶ
655 2707 814 2792 ὀργάνων],
829 2714 912 2787 quod
924 2712 1124 2787 probandum
1138 2727 1209 2772 esse
1222 2712 1313 2785 duco,

143 2824 214 2895 quia
242 2825 427 2886 sexcenties
458 2823 549 2884 ὅπλον
580 2826 660 2885 nihil
690 2826 778 2887 aliud
807 2841 906 2899 quam
934 2826 1229 2901 „instrumentum”
1254 2823 1313 2896 sig·

144 2936 256 3015 nificat,
278 2955 341 2999 non
361 2939 468 3000 solum
488 2955 538 3014 ap.
553 2940 742 3016 Homerum,
756 2941 814 3001 sed
827 2942 927 3002 etiam
940 2942 1024 3016 apud
1037 2941 1119 3001 alios
1131 2940 1313 3014 scriptores

144 3049 210 3111 Non
232 3053 326 3113 modo
349 3054 512 3129 rudentes,
538 3053 619 3130 vela,
644 3051 679 3112 τὰ
703 3050 959 3134 venerabilemve
985 3069 1050 3114 vox
1069 3051 1162 3113 ὅπλον
1184 3053 1314 3127 indicat,

145 3165 197 3226 sed
227 3167 327 3227 etiam
357 3166 529 3227 cuiuslibet
561 3167 643 3227 fabri
674 3170 707 3228 et
737 3167 871 3228 artificis
899 3168 1118 3228 instrumenta
1142 3163 1192 3244 (ci.
1218 3167 1314 3226 Hom.

144 3276 178 3336 ll.
216 3280 265 3355 18,
300 3280 376 3355 409,
413 3279 527 3353 odyss.
561 3282 591 3356 3,
623 3282 687 3340 433
721 3279 795 3339 ὅπλα
828 3277 974 3358 palatia).
993 3280 1040 3340 *Si
1072 3281 1193 3340 usitato
1218 3294 1316 3340 sensu

146 3391 334 3452 vocabulum
354 3389 430 3451 ὅπλα
450 3393 502 3452 hic
514 3392 695 3453 adhibitum
708 3394 806 3469 esset,
819 3393 899 3453 illud
910 3388 1054 3467 πολεμικὰ
1066 3391 1161 3466 plane
1174 3392 1315 3464 frigeret.

145 3503 220 3564 Nolo
250 3508 361 3566 autem
394 3503 492 3564 ὅπλων
519 3527 548 3564 τε
572 3503 622 3564 καὶ
645 3506 761 3582 delere,
786 3507 862 3580 quia
886 3501 1036 3582 ὁπλιτικῆς
1061 3504 1216 3577 sequitur.
1242 3503 1316 3563 Mox

145 3617 227 3678 idem
250 3615 282 3696 (l.
306 3615 340 3697 l.)
366 3619 550 3690 dubitanter
571 3619 664 3680 malit
684 3610 703 3697 ἧ
725 3613 753 3679 δ’
767 3617 808 3696 ὅς,
829 3615 875 3691 [τὰ
895 3613 1019 3698 ὄργανα]
1041 3607 1079 3694 ἦν
1095 3614 1173 3695 ἄξια,
1184 3618 1315 3692 optime.

146 3731 290 3794 Fortasse
309 3748 350 3793 ne
370 3747 451 3808 opus
471 3733 602 3806 quidem
622 3737 658 3793 ut
679 3749 743 3794 vox
763 3735 873 3794 mente
893 3733 1091 3809 suppleatur,
1107 3733 1155 3792 ita
1171 3733 1208 3792 ut
1221 3731 1318 3792 verba
1339 3756 1343 3764 ·

148 3844 324 3918 significent
347 3846 396 3922 ,si
414 3862 467 3907 ree
483 3847 529 3906 ita
550 3848 737 3921 comparata
750 3849 847 3923 esset,
860 3850 933 3907 tum
946 3863 1024 3908 sane
1036 3847 1123 3908 beati
1136 3846 1316 3908 essemus.”

149 3956 278 4034 Saepius
307 3958 442 4033 pluralis
473 3961 707 4034 adjectivorum
736 3963 769 4021 et
801 3961 1052 4034 gerundivorum
1083 3976 1139 4036 pro
1162 3958 1318 4033 singulari

106 4066 321 4134 Eadhibetur.
358 4063 377 4156 ΙΙ
412 4073 522 4134 Heller
554 4071 638 4150 (Cur.
672 4072 747 4134 (itit.
779 4089 809 4147 p.
843 4071 896 4150 26)
929 4074 967 4134 ci.
997 4073 1036 4144 εἰς
1060 4080 1146 4133 τοῦτο
1170 4070 1202 4131 τὸ
1226 4068 1240 4130 ἕ
1262 4086 1318 4146 pro

149 4182 186 4255 εἰς
216 4184 287 4246 αὐτὸ
318 4184 349 4246 τὸ
381 4182 403 4247 ἐ.
437 4187 586 4247 Praestat
608 4202 684 4247 vero
708 4186 866 4259 corrigere
891 4185 932 4257 εἰς
956 4183 1028 4245 αὐτὸ
1057 4188 1214 4260 <τοῡτο>
1241 4183 1273 4245 τὸ
1297 4181 1318 4244 ἐ.

150 4296 361 4361 Herwerdeno
394 4317 461 4361 voc.
494 4299 621 4378 δύναμις
645 4300 765 4361 delenti
789 4299 950 4361 assentior
973 4298 1044 4359 coll.
1070 4299 1179 4373 symp.
1208 4299 1319 4359 1871l

151 4406 214 4469 καθ’
248 4409 319 4473 ὅσον
341 4412 484 4493 παρείκει,
506 4409 683 4492 φυλακτέον,
705 4414 768 4474 etsi
791 4429 855 4474 non
879 4429 1008 4487 semper
1030 4411 1180 4491 παρείκειν
1205 4413 1318 4487 imper·

151 4525 300 4587 sonaliter
324 4527 502 4604 adhibetur,
527 4528 566 4588 cl.
592 4529 723 4589 Theaet.
751 4529 813 4588 150
837 4527 874 4603 D,
897 4527 994 4600 Legg.
1019 4526 1083 4586 934
1109 4525 1141 4586 Ο.

48 4623 131 4699 ilbi
194 4638 374 4701 Secundum
407 4641 578 4702 nonnullos
609 4642 643 4702 in
666 4641 773 4702 verbis
797 4641 942 4711 σκύλακος
965 4638 1006 4711 εἰς
1029 4636 1168 4716 φυλακὴν
1191 4654 1320 4714 parono-

1229 4744 1243 4786 ε
