3278 5098
845 322 884 380 12

279 529 310 587 γε
330 511 403 584 post
424 506 493 567 dccv
514 508 736 581 transponenti
756 508 793 566 ut
813 507 891 566 nota
903 507 1067 565 structura
1083 502 1119 564 od
1132 501 1231 582 μέντοι
1243 537 1285 546 -
1298 525 1330 583 με
1343 504 1450 575 (verbo

280 623 478 696 interposito)
520 621 612 681 salva
648 621 808 696 evaderet,
845 620 1133 693 obtemperandum
1169 621 1229 679 est.
1273 619 1451 692 Postquam

279 729 308 812 μ’
342 737 415 809 post
445 733 516 794 ὅσον
543 734 721 809 interierat,
745 736 903 794 corrector
926 734 1057 807 quidam
1081 753 1114 811 γε
1136 733 1169 792 in
1192 733 1316 793 malam
1339 733 1450 793 sedem

280 849 431 923 reposuit.

134 959 198 1019 330
228 953 258 1020 A
326 962 455 1036 Optime
485 963 547 1021 Ast
578 962 686 1032 (1814)
717 963 825 1022 Α111οο
853 960 1031 1038 εὐδοκιμοίη·
1054 961 1229 1037 rescripsit,
1253 962 1288 1020 at
1311 959 1451 1021 editores

278 1091 341 1137 non
373 1076 607 1149 obtemperant,
639 1091 837 1148 quamquam
870 1076 965 1135 multi
996 1075 1141 1135 Platonis
1166 1075 1291 1135 codices
1314 1075 1395 1144 (Par.
1421 1075 1450 1133 A

278 1189 330 1249 hic
349 1189 424 1258 illic)
445 1189 584 1250 formam
597 1190 743 1250 Atticam
755 1191 936 1249 servarunt.
951 1189 1076 1260 Ubique
1089 1188 1214 1249 Platoni
1231 1187 1451 1262 optativorum

277 1303 401 1362 formae
427 1301 511 1378 -ολην
538 1305 571 1362 et
593 1301 671 1384 -ῴην
695 1303 874 1363 reddendae
897 1304 975 1362 aunt
997 1303 1166 1376 propterea
1189 1302 1272 1374 quod
1297 1297 1454 1360 Arason

278 1415 368 1486 Plato
401 1415 539 1489 scripsit.
574 1451 603 1460 -
632 1417 669 1474 in
701 1412 803 1489 §ult
835 1416 982 1476 Schneid.
1014 1415 1126 1476 Herm.
1151 1415 1234 1475 Bait.
1261 1413 1390 1488 campo.
1415 1410 1451 1470 τὰ

277 1525 354 1588 πλέω
377 1529 584 1604 scripserunt,
608 1529 693 1588 sicut
716 1544 765 1603 ap.
790 1530 917 1590 Atticos
940 1529 1114 1602 singularis
1138 1531 1242 1588 neutr.
1267 1528 1333 1589 iere
1357 1525 1450 1585 πλέον

278 1644 338 1702 est.
362 1642 424 1702 Per
445 1653 472 1700 rr
495 1656 543 1716 ap.
568 1642 695 1702 Atticos
720 1642 814 1715 vulgo
835 1643 918 1712 (vide
937 1635 1166 1702 Meisterhans²
1184 1657 1214 1716 p.
1234 1642 1306 1711 120)
1327 1642 1451 1702 formae

278 1757 462 1817 contractae
493 1757 676 1816 scribuntur
706 1755 805 1826 (πλείω
829 1791 868 1798 -
886 1772 951 1816 acc.
977 1757 1058 1830 sing.
1083 1758 1116 1816 et
1140 1755 1221 1830 plur.
1236 1789 1288 1830 -‚
1310 1753 1450 1830 πλείους),

277 1871 386 1943 itaque
410 1871 438 1929 si
460 1885 524 1929 ano
549 1871 600 1930 vel
623 1870 743 1930 duobus
766 1870 844 1930 locis
872 1870 942 1930 Par.
967 1871 995 1929 A
1019 1865 1126 1941 πλέους
1150 1872 1184 1929 et
1206 1865 1283 1928 πλέω
1307 1869 1450 1944 praebet,

276 1998 340 2044 non
371 1983 658 2058 obtemperandum
689 1986 750 2059 est,
781 1999 859 2044 nam
891 1985 923 2042 in
947 1983 1175 2057 orthographia
1198 1983 1345 2043 omnium
1369 1983 1450 2043 cedi·

277 2113 351 2157 cum
382 2098 557 2171 perexigua
588 2099 638 2156 est
664 2096 753 2157 fides.
779 2097 877 2157 Recte
901 2097 999 2169 igitur
1023 2096 1144 2156 Wohlr.
1169 2093 1204 2154 τὰ
1227 2095 1315 2154 πλείω
1339 2095 1449 2155 rescri-

277 2209 351 2270 bere
370 2225 433 2270 non
450 2211 681 2270 reformidavit.
703 2210 901 2284 Trisyllabae
920 2225 1046 2283 quoque
1066 2210 1188 2270 formae
1208 2225 1258 2283 ap.
1279 2209 1449 2269 Platonem

276 2337 333 2396 per
354 2334 381 2381 rr
411 2324 492 2383 milri
523 2324 708 2384 scribendae
741 2324 899 2399 videntur,
930 2325 987 2383 sed
1009 2320 1099 2383 πλέον
1122 2323 1226 2383 multo
1250 2323 1451 2396 frequentius

278 2437 415 2497 occurrit
435 2451 533 2509 quam
552 2440 663 2513 πλεῖον,
685 2437 730 2496 ita
748 2440 784 2497 ut
803 2453 866 2497 non
887 2429 1031 2497 dubitem
1052 2438 1128 2510 quin
1146 2437 1264 2497 melius
1277 2437 1321 2495 eit
1333 2437 1450 2509 ubique

277 2547 366 2608 πλέον
398 2551 569 2612 restituere
605 2553 678 2622 (vid.
712 2552 924 2614 Meisterhans
949 2553 969 2612 l.
994 2552 1026 2621 l.)
1052 2585 1091 2594 —
1117 2551 1216 2612 Paulo
1248 2553 1320 2624 post
1353 2550 1446 2610 unice

279 2678 389 2723 veram
420 2639 614 2739 scripturam
646 2681 717 2726 esse
747 2659 809 2725 ποῖ’
834 2663 1038 2742 ἐπεκτησάμην
1062 2668 1135 2739 post
1159 2665 1290 2725 Astium
1317 2664 1375 2723 viri
1399 2662 1450 2722 dd.

278 2792 391 2837 omnes
421 2782 655 2853 perspexerunt
681 2781 808 2852 praeter
832 2780 908 2839 clar.
933 2779 1090 2852 Richards
1113 2777 1225 2847 (class.
1250 2778 1328 2837 Rev.
1357 2777 1452 2845 1893)

277 2888 401 2967 πότερον
425 2906 480 2964 pro
504 2886 568 2951 ποῖ’
595 2893 816 2952 conicientem.
844 2888 913 2952 Ποῖ
942 2892 1170 2952 adverbialiter
1190 2892 1370 2951 adhibitum
1391 2891 1452 2964 est,

279 3005 312 3062 et
342 3004 437 3063 modo
468 3006 516 3074 (ut
539 3005 599 3080 hie,
623 3005 761 3079 Euthyd.
788 3009 849 3066 891
875 3008 914 3082 Α,
938 3006 1033 3080 Hipp.
1059 3005 1131 3065 Mai.
1154 3006 1217 3065 285
1243 3004 1279 3075 D)
1304 3004 1453 3063 mirantis

278 3117 311 3175 et
341 3115 457 3176 leniter
487 3117 621 3176 ridentis
654 3121 713 3194 est,
746 3121 841 3179 modo
865 3120 998 3180 acerbae
1022 3119 1162 3178 irrisioni
1186 3120 1220 3179 et
1242 3115 1455 3190 indignationi

279 3231 353 3301 (vid.
386 3231 478 3304 Gorg.
512 3233 576 3290 490
597 3232 632 3308 D,
664 3233 773 3292 49οΕ
804 3237 875 3292 ποῖοι
907 3231 1100 3310 ὑποδήματα;
1132 3236 1273 3310 φλυαρεῖς
1291 3228 1386 3308 ’ξ’χων)
1409 3231 1453 3289 in·

226 3351 255 3415 Β
279 3344 389 3403 servit.
416 3338 435 3426 Η
460 3343 541 3405 (liar.
573 3345 844 3406 Hemsterhusius
872 3349 960 3417 (nota
992 3347 1148 3420 mseripta
1169 3346 1202 3405 in
1226 3346 1329 3420 ipsius
1352 3345 1454 3405 Plato·

279 3458 330 3516 nis
362 3459 540 3533 exemplari
571 3459 669 3532 Lugd.
703 3460 774 3520 Bat.
807 3462 985 3529 asservato)
1010 3461 1048 3520 ci.
1073 3459 1190 3530 Λυσίας
1213 3455 1457 3533 profiscentes,

279 3571 366 3631 idem
394 3571 498 3632 (iroen
523 3589 551 3632 v.
581 3573 761 3633 Priusterer
785 3574 884 3643 (Pros
909 3573 1015 3647 Plat.),
1040 3587 1122 3645 quae
1147 3582 1180 3632 ca
1203 3572 1322 3633 Stallb⁰
1346 3570 1455 3643 (1858)

1308 3675 1322 3704 o

278 3726 346 3785 iure
381 3741 444 3787 non
480 3728 652 3803 displicuit.
689 3729 871 3801 Utrumque
907 3744 1026 3789 nomen
1048 3728 1245 3803 compendio
1277 3732 1327 3786 Λο
1359 3726 1455 3788 scribi

623 3814 637 3859 e
1261 3818 1274 3859 ι

279 3881 412 3958 solebat,
445 3883 530 3943 sicut
554 3877 636 3962 Ἥρω
669 3886 702 3945 81
720 3878 905 3964 Ἡρωδιανὸς
930 3887 963 3946 81
981 3879 1129 3963 Ἡρώδης,
1156 3884 1206 3943 vel
1234 3885 1274 3941 Φι
1298 3885 1331 3944 81
1356 3881 1456 3940 Φίλων

278 3997 311 4055 et
336 3994 493 4068 Φιλόξενος
517 3998 550 4056 et
576 3997 723 4068 Φίλιππος
748 3997 918 4072 significat.
946 4031 985 4040 -
1011 3997 1145 4056 Frustra
1171 3997 1232 4056 viri
1255 3996 1304 4057 dd.
1329 3996 1361 4055 in
1386 4010 1454 4055 ver·

277 4110 327 4169 bis
350 4107 455 4170 ἐλάττω
478 4108 573 4187 αὐτὴν
597 4107 715 4188 ἐποίησε
741 4127 807 4172 voc.
833 4109 928 4187 αὐτην
952 4127 994 4170 err
1018 4111 1148 4183 linguae
1172 4109 1299 4182 legibus
1324 4108 1455 4183 Cephali

278 4225 332 4283 avi
362 4240 432 4284 rem
465 4225 660 4285 familiarem
686 4223 867 4298 significare
891 4239 985 4299 posse
1009 4226 1135 4299 putant,
1161 4239 1237 4283 cum
1261 4222 1332 4282 sine
1356 4237 1454 4281 sensu

277 4334 383 4396 οὐσίαν
415 4336 488 4415 ὅσην
515 4335 655 4416 κέκτημαι
683 4333 703 4408 ¹)
727 4339 863 4413 indicet;
888 4337 1118 4412 haplographia
1141 4338 1209 4397 tres
1232 4336 1360 4397 litterae
1384 4351 1455 4396 eva·

311 4605 332 4673 ¹)
350 4610 409 4657 Sive
425 4610 466 4669 τὴν
484 4613 638 4674 ὑπάρχουσαν
655 4613 742 4657 οὐσίαν.
