3260 5098
736 313 797 372 157

176 497 314 571 denique
340 498 385 570 (in
412 498 482 560 eius
515 499 687 561 (lorollario
702 494 723 570 ¹)
747 502 894 562 ernendd.
918 501 1158 563 Platonicorum
1181 517 1211 577 p.
1237 499 1292 579 21)
1317 506 1351 563 0⁸

176 607 273 670 ἄλλων
303 614 420 671 πολλῶν
450 612 696 688 palaeographia
727 628 789 675 non
821 615 1076 675 commendatur.
1108 647 1150 656 ω
1181 613 1255 675 Mox
1279 614 1349 688 lego

121 716 154 781 B
177 722 283 801 νυνδή.
308 716 327 808 ΙΙ
351 725 435 798 Lege
466 724 517 797 τάς
546 746 579 806 γε
609 742 666 801 pro
696 725 747 799 τάς
777 749 816 805 νε,
845 729 918 802 post
945 748 1005 787 πον
1029 742 1126 802 saepe
1148 748 1181 807 νε
1204 727 1348 802 additum

179 839 252 899 vide
275 839 361 899 diota
384 839 425 899 ad
449 841 514 900 334
533 840 568 901 E.

29 946 90 1005 477
118 940 152 1008 A
220 951 325 1013 Verba
358 949 416 1012 κᾶν
449 953 475 1014 εἰ
509 959 656 1040 πλεοναχῇ
687 960 848 1034 σκοποῖμεν
878 956 997 1017 vitiosa
1028 957 1115 1031 sunt,
1148 956 1225 1029 quia
1256 957 1351 1030 plane

174 1065 347 1127 ridiculum
370 1069 422 1128 est
445 1083 556 1142 rogare
580 1070 730 1146 „hoccine
750 1069 809 1130 tibi
829 1068 953 1131 clarum
973 1071 1034 1144 est,
1056 1069 1186 1130 etiamsi
1205 1069 1350 1144 pluribus

174 1180 354 1240 rationibus
385 1182 659 1258 consideremus?
690 1183 784 1256 quasi
814 1199 867 1244 ros
897 1182 1062 1244 obscurior
1090 1181 1159 1243 fieri
1183 1182 1297 1260 soleat,
1321 1185 1350 1244 si

175 1292 388 1354 multifariam
420 1296 621 1370 exploretur;
653 1297 762 1371 itaque
792 1312 924 1371 prorsus
955 1295 1117 1357 assentior
1141 1296 1235 1357 Aetio
1257 1298 1349 1358 corri-

173 1408 263 1480 genti
286 1405 406 1486 ἕχομεΝ
429 1411 531 1482 <Η>
558 1407 608 1470 παὶ
631 1413 779 1494 πλεοναχῇ
802 1419 966 1488 σκοπῶμεν.
990 1411 1168 1484 Postquam
1188 1406 1208 1488 ἣ
1227 1412 1350 1472 excido-

173 1527 235 1598 rat,
266 1522 388 1584 librarii
418 1525 548 1584 textum
575 1523 687 1585 fulcire
712 1526 820 1586 oonaii
842 1527 928 1585 suni.
954 1524 1120 1584 -Paulo
1144 1527 1350 1598 postresori·

173 1636 317 1697 bendum
338 1634 447 1710 Ι<τὸ>
475 1635 515 1714 μὴ
539 1634 575 1696 liv
598 1635 640 1716 δέ,
661 1639 752 1700 artic.
777 1655 797 1700 a
820 1654 1010 1715 praegressa
1033 1638 1159 1711 syllaba
1179 1640 1351 1714 absorptus

174 1751 234 1811 esi.
269 1749 342 1812 Mox
374 1752 445 1810 vam
476 1753 501 1811 L
529 1751 689 1831 εἰλικρινῶς
712 1753 888 1828 probarunt
911 1753 971 1814 soli
996 1753 1090 1813 Sohn.
1116 1754 1150 1812 ei
1172 1753 1350 1830 Hermann,

174 1866 287 1927 eontra
303 1867 454 1940 optimos
478 1867 613 1928 codices.
639 1866 870 1928 Valckenarius
896 1881 1008 1928 vonam
1032 1866 1072 1926 ab
1096 1857 1171 1936 ελλος
1195 1868 1228 1927 ot
1238 1865 1350 1945 κρίνειν

174 1980 383 2055 repetendam
407 1981 544 2057 censuit,
566 1981 779 2042 Ruhnkonius
803 1983 915 2041 autem
939 1981 979 2040 ab
1004 1977 1075 2055 εῖλη.
1096 1978 1292 2039 Bodleianus
1310 1979 1351 2039 ad

174 2094 336 2154 Phaedon,
373 2097 414 2155 66
427 2094 456 2152 Α
490 2093 551 2154 riis.
586 2094 727 2168 praebet.
764 2127 805 2138 -
837 2095 874 2154 ln
904 2093 1062 2169 proximis
1092 2091 1206 2152 οὐκοῦν
1237 2088 1350 2152 lai...

175 2205 313 2286 ζητητέον
341 2223 445 2268 nexus
469 2209 574 2285 periit,
598 2223 696 2281 quem
719 2208 842 2269 librarii
860 2222 1037 2282 pauoorum
1060 2206 1207 2268 codicum
1232 2189 1375 2267 dolens

175 2323 359 2398 recuperari
381 2337 476 2397 posse
496 2323 655 2398 particula
678 2317 711 2380 δὲ
734 2322 841 2383 verbis
865 2318 912 2380 ἐπλ
934 2331 973 2404 τῷ
997 2318 1105 2399 μεταξὺ
1129 2319 1222 2402 τούτῳ
1243 2319 1350 2396 μεταξὺ

175 2440 225 2496 πολ
248 2437 419 2497 inserenda
442 2438 485 2508 (in
509 2437 582 2497 aliis
604 2432 637 2496 ai
659 2438 734 2511 post
756 2433 814 2512 ἐπί,
832 2436 866 2494 in
886 2435 959 2495 aliis
979 2437 1052 2509 posi
1071 2443 1110 2516 τῷ
1130 2432 1237 2511 μεταξὺ
1256 2434 1348 2494 infer·
1474 2447 1477 2456 ’

176 2567 249 2611 sum
271 2554 332 2621 esi)
355 2550 438 2611 falso
456 2552 621 2625 putarunt.
645 2527 879 2611 Stallbaumius
900 2550 959 2620 (ed.
982 2548 1087 2618 Goth.)
1107 2548 1169 2608 sibi
1189 2548 1280 2609 visus
1300 2550 1351 2608 est

175 2665 282 2724 textui
314 2663 397 2723 satis
423 2664 602 2738 providisse
633 2663 813 2738 recipiendo
837 2663 908 2722 vam
931 2662 956 2721 L
980 2659 1011 2741 (e
1035 2661 1157 2722 Monac.
1184 2666 1213 2735 q)
1237 2660 1351 2721 οὐκοῦν

179 2777 276 2847 <εἰ>
304 2775 352 2837 ἐπὶ
370 2781 429 2854 πολ,
448 2781 483 2838 at
502 2777 530 2838 εἰ
537 2823 611 2839 .....
632 2769 671 2856 ἦν
690 2778 742 2839 hia
762 2779 838 2839 ferri
858 2793 921 2838 non
942 2779 1058 2852 potest.
1080 2775 1289 2837 Hermannus
1311 2777 1350 2838 oi.

180 2888 314 2961 <ἐπολ>
348 2888 395 2950 ἐπὶ
426 2892 519 2962 (Bait.
548 2894 582 2951 ei
606 2890 736 2965 Gampb.
760 2888 873 2968 pron),
898 2906 980 2963 quae
1003 2890 1109 2968 lectio,
1134 2891 1197 2951 etsi
1220 2891 1351 2951 auribus

176 3006 331 3079 ingratior
355 3007 416 3081 est,
439 3004 578 3066 fortasse
601 3007 713 3065 tamen
737 3019 815 3065 vora
834 3005 894 3065 esi.
915 3003 994 3065 Vide
1014 3006 1126 3064 autem
1146 3019 1188 3064 an
1208 3005 1353 3079 praestet

73 3121 76 3125 '
177 3119 334 3193 arrigere
369 3116 481 3178 οὐκοῦν
520 3114 629 3186 <ἂν>
644 3164 716 3177 .....
750 3110 770 3201 ᾖ
802 3114 871 3195 (pro
901 3109 969 3196 ἧν);
1002 3119 1132 3193 saepius
1164 3109 1219 3178 οὖν
1250 3111 1283 3179 ὀλ
1314 3115 1352 3176 ἂν

176 3233 415 3294 confunduntur
445 3234 480 3292 ei
508 3232 661 3292 facillime
693 3227 730 3290 liv
760 3233 835 3306 post
862 3229 975 3290 οὐκοῦν
998 3232 1146 3292 excidere
1169 3232 1284 3305 potuit.
1310 3265 1350 3274 -

176 3347 246 3407 vam
278 3346 302 3405 L
333 3343 381 3422 ἐπὶΙ
415 3353 525 3429 (xpi)
556 3343 596 3423 μὴ
629 3342 691 3405 ὄνοι
714 3346 897 3406 rectissime
920 3346 983 3404 Asi
1005 3345 1105 3406 Bekk.
1130 3345 1244 3406 Stallb.
1268 3362 1386 3407 rece.

125 3446 155 3510 Β
177 3463 303 3536 perimi.
328 3451 348 3544 ΙΙ
372 3461 441 3519 Vam
465 3460 490 3519 L
512 3456 586 3519 κατὰ
610 3456 663 3536 τὴν
688 3460 818 3536 δύναμιν
841 3455 961 3539 ἑκατέρα
983 3456 1038 3536 τὴν
1061 3456 1154 3536 αὑτῆς
1178 3458 1352 3532 probarunt

176 3575 238 3634 Asi
273 3574 385 3635 Siallb.
421 3575 530 3645 (1858)
565 3573 711 3634 Schneid.
749 3573 915 3634 Herwerd.
957 3568 1032 3662 (lin.
1071 3569 1169 3649 1883)
1209 3570 1350 3647 eampo„

176 3688 368 3764 rectissimo,
387 3703 465 3749 nam
482 3687 680 3762 optimorum
700 3687 789 3748 codd.
810 3688 883 3748 leot.
899 3687 1016 3747 vitiosa
1029 3679 1052 3757 ²)
1069 3689 1131 3747 est.
1145 3685 1352 3745 Hermannus

176 3789 282 3881 (prob.v
295 3802 379 3864 Bait.
400 3805 433 3863 ei
453 3801 563 3862 Heller
583 3801 654 3862 Gur.
676 3802 747 3863 orit.
768 3817 798 3877 p.
820 3802 873 3872 32)
894 3802 933 3863 oi.
954 3798 1028 3860 κοινὰ
1048 3796 1102 3876 τὴν
1118 3796 1210 3875 ἄλλην
1223 3797 1352 3874 δύναμιν

176 3915 197 3977 ἓ.
228 3914 283 3994 τὴν
314 3939 341 3976 ν.
372 3917 393 3978 i.
425 3932 453 3977 e.
488 3917 686 4001 „seeundum
716 3931 811 3976 suam
839 3930 985 3989 quaeque
1013 3914 1168 3974 diuersam
1191 3911 1231 3973 ab
1254 3912 1352 3972 altera

213 4135 234 4204 ¹)
256 4139 331 4196 Quod
354 4139 410 4186 eius
432 4139 528 4199 scripto
553 4138 655 4195 „Uebor
676 4137 718 4184 die
740 4138 894 4196 Bodoutung
911 4136 957 4184 des
977 4136 1082 4194 Dialogs
1100 4132 1235 4181 Phaedone
1252 4133 1294 4179 lfir
1310 4133 1352 4180 dio

179 4217 499 4278 ota.1³rog.audolsradr,
518 4219 599 4265 1876”
618 4217 733 4265 additum
751 4219 798 4264 est.

212 4295 233 4362 ²)
250 4300 364 4346 Venetus
388 4302 415 4344 ll
432 4293 488 4361 (qui
511 4310 561 4344 aaa.
584 4297 648 4344 Bkk.
673 4297 758 4344 exhib.
781 4299 896 4355 ἐπιστήμη
914 4294 927 4354 ἢ
944 4293 1003 4341 κατὰ
1020 4291 1061 4350 τὴν
1078 4289 1150 4348 αὐτὴν
1167 4290 1214 4336 δύο.
1232 4295 1294 4338 inat.
1311 4294 1352 4353 τὴν

178 4377 258 4442 αὐτῆς)
282 4391 331 4425 sea.
357 4377 495 4424 Oaroellani
517 4377 626 4436 praebet
648 4378 708 4423 κατὰ
730 4376 770 4435 τὴν
793 4374 864 4433 αὐτὴν
887 4375 935 4421 δύο.
958 4372 1047 4432 inerti
1065 4368 1106 4426 τὴν
1122 4367 1194 4426 αὐτὴν
1212 4369 1259 4416 δὺν.
1277 4374 1294 4416 i.
1311 4372 1353 4431 τὴν

179 4461 249 4518 αὐτῆς
270 4469 376 4518 prorsus
399 4459 429 4503 ut
451 4457 532 4504 oodex
554 4456 691 4514 Meleissa,
714 4457 740 4502 in
764 4455 838 4502 ouius
860 4465 912 4512 mg.
935 4453 999 4499 haee
1019 4449 1140 4508 leguntur
1162 4449 1216 4501 ἴσως
1242 4451 1301 4496 οὕτω
1319 4453 1354 4500 δοῖ

178 4541 321 4604 γράφεσθαι.
339 4541 400 4584 val..
418 4538 477 4584 κατὰ
494 4535 536 4594 τὴν
552 4535 624 4594 αὐτὴν
640 4537 738 4594 δύναμιν
757 4534 769 4595 ἢ
786 4535 839 4582 κατ’
859 4534 929 4592 ἄλλον
946 4535 983 4579 καὶ
1001 4533 1070 4589 ἄλλην
1087 4529 1297 4592 &propulsatione
1314 4539 1353 4590 τῆς

66 4644 68 4648 ’
179 4621 250 4678 αὐτῆς
264 4618 341 4670 οὕτως.
