3260 5098
680 323 741 383 127

120 508 147 566 si
174 501 197 590 ᾧ
222 525 278 583 per
300 510 529 571 attractionem
554 511 743 586 explicatur,
768 511 866 570 verba
888 510 981 594 τούτῳ
1005 509 1054 569 καὶ
1078 511 1169 584 οάτως
1193 515 1289 575 abun·

120 623 207 698 dant,
234 623 283 682 sin
306 625 347 683 ad
372 617 459 709 ᾧλ..
483 620 604 701 λέγομεν
628 626 738 684 mente
763 624 951 698 supplemus
971 595 1062 683 αάτλν
1083 625 1198 686 δίκαιον
1219 620 1295 686 εἶναι
1331 691 1337 698 ,

119 735 353 798 balbutientem
375 738 541 798 Socratem
561 738 716 798 tacimus:
738 737 813 798 audi
833 738 920 798 enim
940 738 1093 799 subtilem
1114 740 1293 801 doctrinam

118 849 150 908 in
172 850 306 924 vulgata
325 852 525 912 reconditam
545 843 585 922 εἷς
605 847 734 926 ἕκαστος,
754 844 776 933 ᾧ
794 851 857 921 (vel
874 845 959 933 ᾤκολ
971 848 1020 927 ὡς,
1031 853 1069 912 ut
1081 853 1192 914 stallo.
1209 856 1293 916 1829

118 964 167 1031 oi.)
184 963 325 1036 πολλάκις
341 961 462 1044 λέγομεν
474 963 565 1024 αὐτὸν
579 964 696 1024 δίκαιον
709 957 794 1043 εἶναι,
807 965 900 1050 τούτῳ
913 963 962 1024 καλ
975 965 1067 1038 οδτως
1081 966 1194 1038 δίκαιος
1206 966 1293 1027 ἔσται.

117 1076 188 1136 Mea
213 1079 342 1150 quidem
369 1093 462 1138 mens
485 1079 517 1137 in
540 1079 633 1138 tanta
652 1079 797 1139 doctrina
817 1080 969 1140 hebescit.
990 1081 1034 1139 At
1053 1081 1181 1142 medela
1199 1082 1292 1142 lenis-

117 1191 203 1250 sima
235 1194 267 1251 et
298 1191 481 1252 certissima
513 1193 552 1252 ad
585 1207 720 1252 manum
752 1193 812 1268 est,
837 1208 912 1252 oum
937 1192 1016 1253 illud
1038 1191 1088 1252 καλ
1111 1193 1203 1266 οάτως
1227 1195 1294 1256 iere

118 1304 241 1364 clamet
252 1306 501 1378 comparationis
526 1307 667 1366 alterum
680 1307 864 1366 membrum
885 1307 1088 1368 librariorum
1109 1309 1202 1384 culpa
1222 1325 1292 1370 eva·

117 1418 231 1478 nidum
252 1419 376 1480 tactum
397 1436 486 1481 esse:
508 1421 631 1494 corrige
650 1413 673 1502 ᾧ
694 1418 860 1494 <πάλιν>
875 1420 1015 1492 πολλάκις
1027 1418 1162 1500 ἐλέγομεν
1175 1423 1222 1494 (V.
1236 1423 1292 1499 λλ),

117 1531 213 1616 τούτῳ
244 1531 294 1591 καὶ
320 1524 407 1604 οὗτος
430 1531 517 1592 ἔσται.
541 1534 719 1607 Postquam
744 1535 970 1608 compendium
995 1536 1084 1596 vocis
1108 1534 1195 1595 πόλιν
1218 1538 1293 1596 ante

117 1643 259 1717 πολλάκις
274 1640 295 1715 ¹)
319 1647 448 1722 excidit,
474 1639 559 1717 οὗτος
583 1662 602 1706 a
626 1647 756 1706 librario
781 1648 833 1707 vel
857 1650 1034 1708 correctore
1059 1649 1092 1708 in
1112 1647 1204 1719 οάτως
1225 1664 1293 1710 mu·

118 1760 238 1820 tatum.
262 1760 345 1820 Illud
368 1751 454 1830 οὗτος
478 1776 541 1820 non
565 1760 706 1834 amplius
730 1761 770 1820 ad
794 1756 846 1818 ἕνα
870 1756 992 1820 ἕκαστον
1012 1761 1047 1831 (Β
1068 1761 1138 1830 ult.)
1159 1762 1293 1822 referen-

118 1873 208 1947 dum,
241 1875 297 1934 sed
327 1874 367 1933 ad
398 1874 592 1949 praecedens
616 1871 738 1944 (πόλεώς
760 1893 790 1932 τε
813 1870 872 1944 καλ)
897 1872 1024 1932 ἰδιώτου.
1049 1874 1184 1933 Prorsus
1207 1875 1294 1936 idem

119 1984 186 2046 iarn
209 1987 301 2046 Plato
320 1987 416 2061 paulo
436 1990 511 2048 ante
531 1989 564 2048 in
588 1988 691 2047 4411)
711 1985 761 2046 καὶ
781 1987 897 2046 δίκαιον
917 1985 955 2064 δὴ
977 1992 1026 2046 κτλ
1047 1989 1182 2048 dixerat.
1202 1989 1293 2050 Prae-

118 2099 210 2160 terea
229 2100 275 2160 sic
295 2101 428 2161 demum
447 2102 595 2176 proxima
617 2101 646 2160 τί
668 2091 723 2160 οὖν
746 2104 795 2159 κτλ
819 2102 988 2162 commode
1011 2103 1236 2163 annectuntur.
1252 2137 1293 2146 —

117 2213 163 2272 Ea
206 2228 289 2287 quae
332 2215 446 2274 stetim
492 2216 680 2290 sequuntur,
725 2215 806 2275 mihi
844 2215 981 2276 obscura
1019 2231 1091 2277 esse
1135 2216 1293 2292 videntur,

117 2328 182 2388 nisi
206 2329 348 2401 corrigas
371 2328 411 2406 μή
434 2349 476 2412 πῃ
499 2324 571 2406 ἡμῖν
595 2326 804 2407 ἀπήμβλυνται
826 2325 896 2389 ἄλλο
920 2351 946 2388 τι
971 2329 1147 2407 δικαιοσύνη
1170 2331 1292 2402 [δοκεῖν]

117 2434 195 2501 ελναι
224 2438 244 2520 ἢ
273 2445 322 2500 κτλ
353 2443 373 2503 i.
398 2460 425 2503 e.
462 2458 560 2517 ,num
591 2458 610 2502 a
640 2444 732 2504 nobis
761 2443 888 2503 iustitia
911 2443 1028 2504 obtusa
1053 2458 1090 2504 ac
1112 2443 1293 2504 deformata

118 2557 169 2616 est
188 2556 236 2616 ita
255 2558 292 2615 ut
311 2556 461 2632 formam,
482 2572 581 2630 quam
601 2557 634 2616 in
654 2557 786 2618 civitate
805 2558 917 2617 nostra
928 2557 1096 2631 induisset,
1110 2557 1292 2617 amiserit.’'

118 2670 303 2730 Perfectum
346 2671 476 2745 tempus
510 2671 622 2745 utique
656 2672 878 2732 neceesarium
913 2672 973 2730 est.
1009 2671 1150 2730 Verbum
1186 2670 1295 2746 δοκεῖν,

118 2785 203 2856 quod
226 2785 259 2844 in
283 2784 500 2858 compluribus
523 2786 612 2845 codd.
633 2785 803 2860 omissum,
825 2785 911 2845 male
932 2784 1082 2860 abundat,
1105 2799 1182 2844 nam
1204 2785 1294 2845 effec-

118 2898 174 2958 tus
203 2904 257 2956 τοῦ
285 2895 501 2977 άπημβλύνθαι
525 2900 576 2958 est
598 2899 753 2959 nimirum
776 2896 809 2957 τὸ
833 2891 939 2957 ελναι
963 2894 1033 2957 ἄλλο
1058 2919 1084 2956 τι
1108 2893 1127 2976 ἢ
1150 2902 1210 2974 κτλ,
1231 2914 1295 2959 non

119 3007 151 3069 τὸ
174 3010 313 3070 δοκεῖν
335 3003 441 3069 εἶναι
459 3015 517 3070 κτλ.
537 3012 621 3072 illud
641 3009 864 3090 ἀπαμβλύνεται
888 3012 1027 3072 editores
1047 3013 1297 3074 multumtorsit

77 3120 98 3184 b
120 3126 153 3183 et
185 3125 226 3184 ab
253 3123 327 3184 aliis
350 3125 445 3185 aliter
468 3125 676 3199 explicatum.
701 3117 721 3208 ΙΙ
746 3125 874 3198 corrige
897 3123 968 3202 περί
990 3145 1022 3203 γε
1045 3127 1128 3199 (post
1151 3123 1178 3183 εἰ
1199 3141 1296 3200 saepe

119 3259 151 3316 γε
182 3238 320 3309 additur)
352 3240 409 3299 aut
438 3236 587 3317 <ττερλ>
613 3247 666 3298 τοῦ
690 3236 795 3321 ἐκείνῃ.
822 3272 860 3282 -
887 3237 1045 3313 Quoniam
1069 3239 1183 3313 optimi
1206 3239 1295 3301 codd.

120 3360 227 3412 τοῦτον
249 3350 342 3412 αὐτὸν
364 3353 548 3428 praebeant,
574 3353 746 3413 Schneider
770 3355 803 3412 et
823 3352 953 3427 campo.
975 3353 1179 3412 coniecerunt
1191 3360 1296 3411 τοῦτον

120 3464 204 3543 αὐτό,
234 3466 331 3542 male,
357 3481 435 3526 nam
459 3467 679 3541 corripendum
701 3469 743 3527 eet
765 3460 844 3525 τοῦτ’
871 3461 909 3523 biv
932 3463 1024 3525 αὐτὸν
1049 3465 1165 3543 δράσαι,
1186 3466 1296 3538 itaque

119 3575 202 3639 τοῦτ’
226 3575 263 3638 tv
284 3595 303 3639 a
323 3580 462 3641 librariis
480 3582 513 3640 in
533 3589 638 3640 τοῦτον
658 3580 759 3640 stulte
781 3581 956 3640 mutatum.
978 3578 1156 3655 Quominus
1177 3576 1296 3653 δράσειν

121 3694 301 3767 corrigatur
323 3708 388 3754 non
410 3709 513 3754 unum
536 3694 654 3754 obstat.

24 3796 100 3862 idi
167 3809 293 3868 Iterum
323 3807 430 3867 insere
462 3803 509 3883 άν,
536 3822 614 3866 nam
638 3821 829 3880 responsum
853 3803 994 3884 πῶςγάρ
1017 3800 1072 3877 άν;
1095 3800 1297 3865 declaratio

121 3921 351 3997 praecessisse,
382 3922 491 3994 itaque
523 3920 645 3994 corrige
676 3916 843 3979 ὁπωστιοῦν
877 3913 998 3993 <άν>
1031 3914 1161 3989 άπιστος.
1197 3918 1296 3978 Paulo

123 4036 200 4095 ante
234 4033 406 4107 legendum
430 4049 545 4095 censeo
569 4032 697 4114 δημοσίᾳ
719 4031 831 4103 πόλεως
860 4033 880 4092 i.
906 4047 933 4092 e.
957 4032 1091 4107 patriae.
1116 4066 1156 4075 -
1181 4031 1207 4090 Ε
1230 4030 1297 4090 Sto·

75 4142 204 4210 Bbaeo
235 4149 349 4209 Aetius
373 4148 494 4222 optime
516 4149 590 4222 post
613 4149 738 4223 μοιχεῖαι
760 4147 876 4220 partam
898 4166 930 4225 γε
954 4145 1085 4219 recepit.
1110 4136 1130 4228 ΙΙ
1154 4145 1245 4205 Idem
1269 4159 1295 4204 o.

123 4278 188 4324 uno
219 4261 337 4324 Stallb⁰
358 4263 446 4323 recte
478 4275 495 4320 e
525 4262 641 4321 deterr.
674 4260 763 4320 codd.
794 4256 874 4341 αὐτῷ
902 4266 960 4318 τῶν
984 4255 1016 4317 ἐν
1039 4256 1118 4340 αὐτῷ
1141 4258 1296 4334 suscepit,

123 4392 204 4438 nam
226 4374 320 4436 αὐτοῦ
343 4378 527 4436 monstrum
547 4375 607 4435 est.
632 4371 721 4456 Αὐτῷ
745 4373 797 4433 est
820 4371 950 4432 dativus
973 4371 1144 4432 commodi.
1171 4370 1241 4430 Etsi
1264 4371 1297 4431 in

160 4623 180 4688 1)
200 4623 318 4671 Fortasse
335 4625 444 4676 πολλάκις
461 4636 492 4669 ex
505 4624 573 4668 πόλιν
588 4587 637 4680 (πλ)
649 4620 716 4669 male
731 4622 815 4667 ortum
830 4621 856 4668 et
870 4617 1006 4680 legendum
1020 4618 1070 4664 erit
1083 4612 1101 4680 ᾧ
1116 4620 1183 4664 πόλιν
1197 4617 1297 4676 λέγομεν.
