3278 5098
695 328 737 389 69

149 509 225 568 naret
241 525 372 570 necesse
395 512 480 571 erat:
502 511 549 571 sic
569 513 602 571 et
621 511 704 572 inira
726 514 801 583 (378
814 515 850 586 D)
871 531 989 576 nomen
1009 515 1151 576 auctoris
1173 513 1301 574 fabulae

39 717 40 720 Ἴ
149 621 179 680 de
198 621 311 683 lunone
335 624 368 682 et
391 623 535 684 Vulcano
558 640 619 686 uon
646 627 791 687 additum
816 630 877 706 est,
901 630 958 690 sed
982 633 1151 706 θεομογμῶν
1170 629 1301 688 tantum

39 721 41 756 ¹
148 735 287 811 auctoris3
320 737 484 798 Homerus
515 739 603 798 euim
626 735 722 819 Ἥρας
754 740 880 819 δεσμοὺς
911 739 970 801 ὑπὸ
1001 738 1069 812 ὑέος
1092 757 1156 801 non
1180 743 1300 802 narrat.

147 847 174 908 Si
194 865 261 910 vero
285 849 377 911 Plato
402 852 485 912 hanc
508 852 547 912 de
570 854 692 914 Iunone
716 855 860 916 fabulam
884 871 1070 917 memorans
1090 855 1301 915 nihilominus

146 961 177 1020 de
197 961 332 1025 Homero
358 964 513 1038 cogitavit
536 967 569 1026 et
589 969 765 1030 memoriae
786 969 879 1044 lapsu
900 970 973 1039 (vid.
995 968 1138 1029 similem
1160 983 1301 1028 errorem

146 1075 249 1154 41111,
280 1077 334 1138 ubi
366 1078 520 1154 Eurypyli
551 1081 674 1141 mentio
705 1081 751 1153 iit)
785 1083 883 1143 verba
906 1079 965 1141 ὑπὸ
988 1079 1056 1154 ὑέος
1080 1082 1218 1158 scripsit,
1241 1080 1300 1142 lec·

145 1187 236 1250 torem
264 1192 457 1253 benevolum
488 1209 564 1268 rogo
597 1197 630 1256 et
658 1211 713 1256 oro
744 1197 781 1256 ut
811 1212 859 1273 ea,
884 1212 967 1270 quae
990 1213 1009 1257 a
1032 1211 1085 1257 me
1109 1210 1206 1270 supra
1229 1195 1302 1269 post

39 1335 40 1338 =
147 1319 284 1375 „necesse
316 1308 406 1366 erat”
431 1321 533 1379 usque
558 1309 597 1368 ad
624 1325 707 1385 „non
731 1311 862 1371 narrat'’
887 1311 1007 1385 scripta
1029 1310 1105 1386 sint,
1129 1323 1192 1369 nou
1217 1308 1302 1368 dicta

144 1432 206 1479 esse
227 1421 327 1495 putet.

43 1523 125 1590 3181
183 1531 239 1593 Gur
271 1533 324 1594 hic
363 1531 468 1600 <τὰ>
506 1533 593 1614 ττσίθη
628 1537 800 1611 legendum
839 1538 978 1598 iudicem
1013 1538 1079 1598 iam
1114 1537 1155 1598 ad
1190 1536 1302 1596 38411

101 1639 209 1708 Bdixi.
233 1639 252 1732 ΙΙ
275 1650 388 1724 Inepte
417 1650 446 1710 J.
479 1649 611 1712 Richter
643 1651 759 1721 (Fleck.
791 1652 861 1713 Jbb.
889 1652 972 1712 1861
997 1651 1048 1712 bd.
1073 1644 1302 1722 95)ο1.οτ’τδὲν

39 1847 40 1856 ¹
104 1749 292 1821 Oiiraoovw
325 1778 382 1841 pro
417 1758 483 1823 οὐδ’
522 1755 561 1824 αὖ
593 1761 764 1826 ἀδικοῦντα.
796 1757 816 1850 Η
848 1766 926 1826 Post
956 1762 1180 1842 ἀπεχθάνεσθαι
1215 1763 1303 1823 recte

39 1859 41 1948 ᾗ
142 1875 276 1936 nonnulli
300 1876 390 1938 editt.
415 1879 571 1953 puuctum
596 1880 783 1953 posuerunt.
808 1879 1045 1940 rPheodoretum
1068 1880 1179 1937 τολλοῦ
1202 1896 1234 1955 γε
1258 1875 1306 1934 δεῖ

143 1990 339 2062 praebentem
368 1992 500 2052 secutus
524 1993 575 2052 est
599 1993 669 2070 Ast,
694 1992 777 2066 quod
799 1992 1000 2067 probandum
1023 1993 1084 2068 est,
1110 1991 1172 2052 etsi
1195 1990 1303 2066 potius

39 2175 41 2194 .
141 2105 241 2162 τολλοῦ
265 2094 321 2163 οὖν
345 2103 394 2163 δεῖ
413 2104 464 2166 vel
488 2108 599 2165 τολλοῦ
621 2103 658 2182 ὃν)
679 2105 727 2165 δεῖ
743 2108 1021 2184 exspectaveram,
1042 2104 1117 2180 quia
1136 2104 1192 2165 illa
1206 2105 1303 2164 verba

39 2209 41 2248 λ
142 2217 313 2292 explicandi
343 2233 442 2280 causa
472 2219 597 2280 adiecta
624 2221 711 2281 sunt.
736 2220 786 2280 Ad
808 2215 1031 2299 μυθολογητέον
1055 2221 1165 2280 mente
1190 2217 1303 2292 supple

143 2322 220 2409 ελνυι,
240 2333 324 2406 quod
348 2334 483 2394 verbum
508 2349 739 2408 nonnunquam
764 2333 927 2394 omittitur
951 2333 1025 2403 (vid.
1051 2333 1200 2394 Schanzii
1223 2332 1302 2392 Nou

39 2427 40 2460 ¹
143 2443 257 2508 comm.
283 2447 364 2508 Ρτοτ.
393 2447 499 2524 1871),
524 2447 563 2508 cr.
589 2447 727 2522 uutuya
753 2447 857 2507 asso
877 2443 1095 2524 φιλοσοφητέον
1115 2441 1304 2523 ομοίογηοο-

141 2579 198 2636 μεν,
224 2561 301 2636 Rep.
335 2561 398 2621 467
411 2561 447 2638 B,
473 2560 565 2635 Gorg.
591 2561 693 2622 517ss
720 2559 853 2631 (δοκοῦσι
863 2606 934 2619 .....
958 2552 1089 2634 οἷοίτε),
1114 2558 1187 2618 alia.
1212 2557 1304 2618 Hanc

141 2674 223 2734 verbi
244 2675 456 2735 omissionem
480 2689 574 2748 aegre
599 2675 705 2736 ferens
729 2674 893 2734 Herwerd'.
919 2673 992 2743 (Mn.
1017 2672 1111 2742 1883)
1132 2671 1303 2744 legendum

39 2855 40 2872 η
142 2790 259 2849 censuit
282 2790 340 2848 aut
363 2784 586 2868 μυθολογητέον
616 2780 762 2854 <ελνστι>
792 2788 849 2848 aut
871 2790 982 2859 ττολλοῦ
1006 2807 1038 2866 γε
1061 2785 1189 2844 δεῖν...
1210 2788 1307 2862 μυθο-

39 2909 40 2912 ’
141 2900 272 2980 λογητέον
304 2906 360 2973 (sc.
392 2899 472 2974 έστί).
498 2937 539 2946 -
561 2903 635 2963 Mox
666 2903 839 2976 legendum
870 2904 948 2977 puto
980 2899 1079 2960 αὑτῶν
1109 2915 1166 2975 pro
1200 2897 1309 2976 αὐτῶν,

39 3039 40 3044 “
141 3015 219 3076 sicut
252 3017 472 3078 Theodoretus
513 3016 655 3092 praebet.
692 3016 909 3076 Herwerdeno
945 3015 1019 3085 (Mn.
1058 3014 1153 3084 1891)
1188 3010 1309 3089 πολίτης

140 3129 253 3191 delenti
289 3130 458 3207 assentior,
495 3131 532 3190 ut
563 3131 643 3190 haec
674 3131 707 3189 in
738 3129 929 3189 universum
961 3128 1118 3188 dicantur.
1147 3125 1307 3201 Suspicor,

140 3252 197 3312 nisi
240 3269 303 3314 vox
338 3268 355 3314 e
390 3268 455 3327 mg.
490 3253 629 3329 invecto,
665 3268 706 3313 ex
735 3250 853 3311 ττώτσοτε
881 3250 1097 3324 dittographia
1125 3216 1174 3319 (ολ)
1193 3265 1238 3305 =
1257 3267 1311 3307 τσο-

39 3351 41 3370 *
140 3365 223 3444 λίτης)
255 3369 369 3428 natum
402 3381 473 3427 esse
503 3365 632 3444 τσολίτης.
663 3399 707 3408 --
743 3366 813 3426 Par.
844 3361 993 3425 Αλευτέυ
1018 3379 1079 3424 om.
1101 3362 1310 3436 probantibus

39 3533 40 3536 ,
142 3479 248 3542 Herm.
273 3481 432 3554 Madvigio
456 3480 539 3541 Bait.
564 3479 779 3540 Schmelzero.
805 3478 925 3540 Omnes
949 3480 1060 3538 autem
1085 3475 1200 3549 reliqui
1220 3475 1310 3535 editt.

39 3645 40 3648 ,
142 3598 223 3658 recte
248 3609 362 3656 vocem
387 3596 569 3670 servarunt,
594 3594 670 3668 quia
693 3593 834 3667 alioquin
859 3594 915 3652 aut
940 3585 1163 3669 μυθολογητέον
1188 3603 1205 3648 e
1225 3602 1311 3662 prae·

141 3711 258 3782 gressis
293 3711 402 3769 mente
438 3707 653 3784 supplendum
690 3708 784 3781 (quod
819 3707 978 3780 quomodo
1012 3703 1082 3766 fieri
1116 3703 1213 3764 liceat
1248 3716 1312 3761 non

142 3824 251 3896 sentio)
274 3823 332 3884 aut
351 3824 463 3883 textus
485 3823 661 3882 mutandus
681 3823 740 3882 est.
763 3818 943 3894 Madvigius
956 3833 1030 3892 ergo
1043 3819 1076 3878 in
1089 3821 1199 3895 μᾶλλον
1212 3815 1314 3877 latere

141 3940 324 4016 suspicatus
355 3940 406 3998 ost
436 3934 547 4014 φατέον
578 3936 629 3998 vel
662 3932 765 4019 ᾀστέον
789 3936 839 4006 (ci.
865 3935 966 3997 39011
990 3927 1056 3993 οὐδ’
1086 3928 1189 4015 ᾀστέον
1213 3929 1314 4000 αὐτοῖς

140 4057 195 4126 κτλ)
225 4054 396 4130 praeterea
418 4049 468 4110 καὶ
492 4052 567 4113 ante
591 4049 661 4122 τοὺς
685 4046 809 4126 ποιητὰς
833 4048 944 4110 delens
969 4048 1133 4109 commate
1156 4046 1229 4120 post
1251 4065 1313 4122 γιγ-

142 4165 273 4245 νομένοις
307 4165 444 4227 eublato.
479 4166 515 4227 D.
548 4165 678 4240 Peipers
706 4162 829 4234 (Philol.
853 4161 1013 4236 Anzeiger
1036 4161 1093 4236 111,
1122 4159 1217 4228 1870)
1241 4158 1315 4232 post

141 4279 323 4362 γιγνομένοις
347 4280 446 4340 inseri
469 4278 541 4339 vult
564 4273 687 4338 λεκτέον.
711 4275 905 4337 Liebholdus
926 4273 1042 4344 (Fleck.
1062 4273 1133 4333 Jbb.
1158 4270 1241 4332 1888
1264 4271 1316 4338 bd.

143 4399 212 4470 131)
236 4412 295 4474 pro
320 4397 430 4472 μᾶλλον
454 4388 592 4471 μελητέον
616 4391 816 4464 excogitavit
839 4385 888 4448 τοὶ
913 4403 988 4449 cum
1011 4386 1171 4459 Madvigio
1191 4384 1318 4445 delens.

141 4512 246 4575 Baiter
288 4523 383 4585 porro
425 4509 459 4568 et
497 4506 628 4581 Gampb.
663 4505 738 4580 post
771 4500 887 4584 γραυσί,
921 4517 985 4562 non
1020 4501 1095 4574 post
1129 4495 1314 4578 γιγνομένοις

142 4622 411 4703 interpuuxerunt
446 4621 541 4692 (sicut
572 4621 604 4680 et
636 4617 664 4680 J.
691 4617 823 4679 Richter
847 4617 880 4677 et
903 4615 943 4676 M.
968 4613 1177 4689 Vermehrem
1202 4613 1317 4686 quibus
