3260 5098
857 303 899 362 88

297 509 320 554 a
351 494 422 554 vioe
455 507 548 552 versa
576 491 709 552 confusa
733 492 827 565 sunt;
852 491 1004 566 exempla
1025 490 1132 550 multa
1155 505 1313 570 apponere
1336 491 1466 566 longum

240 609 272 674 l)
296 609 356 668 ost.
381 607 465 678 Lege
490 601 587 680 νυνδὴ
611 605 631 664 i.
657 619 683 665 e.
708 600 781 683 όίρτι.
806 595 825 688 ΙΙ
849 603 990 678 Vulgata
1013 599 1032 681 ἢ
1052 601 1089 663 οὐ
1108 610 1194 663 τοῦτο
1214 603 1466 685 πολυχορδότατον

295 722 365 781 sine
400 719 494 780 dubio
529 720 679 793 corrupta
715 720 775 796 est,
791 785 793 790 ,
811 718 896 794 quia,
932 718 1061 778 etiamsi
1090 733 1147 792 por
1178 725 1263 777 τοῦτο
1296 719 1467 794 significari

294 834 405 908 posset
436 831 525 904 αὐλός
557 832 640 904 (coll.
669 834 772 894 377ss
795 833 865 907 ult,
890 833 944 894 ubi
967 833 1007 894 ad
1030 826 1066 892 liv
1090 848 1131 893 ox
1154 838 1335 911 μυθοποιοῖς
1359 835 1467 894 mente

294 948 509 1022 supplendum
532 948 582 1006 est
601 950 724 1023 μῦθον),
745 947 837 1008 Plato
854 962 918 1007 non
934 947 1119 1022 scripsisset
1132 944 1226 1006 αὐλοῦ
1241 946 1386 1026 (τυγχάνει
1399 943 1467 1005 ὅντα

295 1062 432 1140 μίμημα),
462 1061 519 1121 sed
551 1051 644 1120 αὐτοῦ
676 1065 772 1132 (unus
803 1063 871 1122 cod.
902 1077 959 1136 pro
991 1055 1067 1120 αότδι
1091 1059 1125 1120 τδι
1148 1061 1340 1141 παναρμόνια
1363 1060 1468 1120 exhib.

295 1169 388 1234 αὐτοῦ
411 1172 446 1233 ιὰ
466 1177 596 1252 πανυρ.).
618 1173 695 1233 Mihi
715 1174 842 1234 videtur
862 1189 903 1234 ex
924 1176 956 1232 H
980 1175 1038 1232 OT
1057 1176 1107 1233 ΤΟ
1127 1175 1343 1249 dittographia
1356 1175 1470 1234 natum

296 1303 369 1349 osse
399 1289 431 1345 Η
463 1288 521 1346 OY
543 1287 676 1345 Tmo
699 1288 732 1347 et
755 1287 868 1348 deinde
892 1303 967 1348 oum
991 1288 1156 1349 Badhamo
1181 1289 1241 1360 (ed.
1267 1287 1348 1348 Phil.
1375 1287 1470 1350 1878t

296 1401 500 1463 scribendum
532 1399 717 1480 πολύχορδον
747 1395 820 1459 αὐτὸ
851 1398 901 1460 καὶ
911 1446 998 1460 ......
1030 1401 1199 1479 μιμήματα;
1222 1401 1309 1463 Astii
1333 1405 1366 1463 0⁸
1391 1398 1411 1480 ἢ
1434 1397 1470 1462 οὐ

297 1512 331 1574 τὰ
355 1513 523 1594 πολύχορδα
548 1514 605 1585 (sic
628 1514 694 1574 iam
720 1512 901 1585 (lornarius)
925 1511 976 1573 καλ
999 1505 1038 1574 αὖ
1063 1512 1098 1573 τδι
1120 1514 1312 1594 παναρμόνια
1335 1520 1385 1576 κτλ
1409 1533 1471 1577 non

299 1627 486 1690 verisimilis
516 1628 575 1688 est.
608 1627 842 1688 Stallhaumius
872 1630 983 1688 autem
1017 1629 1124 1699 (1829)
1153 1629 1199 1691 oi:
1224 1625 1243 1708 ἢ
1267 1623 1323 1688 orla
1346 1624 1418 1690 αὐτὸ
1441 1629 1472 1690 τὸ

299 1741 552 1822 πολυχορδότατον
581 1746 638 1801 κτλ.
671 1775 710 1785 -
742 1742 813 1802 Non
844 1742 930 1803 male
961 1759 988 1804 c.
1021 1758 1086 1804 uno
1117 1744 1184 1805 cod.
1216 1745 1278 1804 Asi
1304 1747 1337 1805 el
1360 1731 1471 1806 Stallb.

300 1856 408 1927 (1858)
432 1852 481 1914 παλ
502 1857 577 1915 ante
596 1852 670 1914 κατὰ
690 1855 862 1916 delendum
883 1871 955 1917 esse
976 1858 1148 1932 purarum
1167 1857 1389 1932 interpolatori
1409 1873 1473 1918 vox

207 2028 210 2033 .
248 1971 460 2050 prendenda
490 1971 550 2030 esi.
583 1962 602 2053 ΙΙ
634 1971 711 2030 Ι)ο1ο
741 1972 814 2044 post
844 1978 902 2029 ιον
934 1968 1048 2030 ἐκείνου
1080 1986 1194 2031 vocem
1225 1967 1369 2051 ὀργάνων.
1397 1972 1473 2032 Post

300 2098 403 2157 pauca
425 2099 493 2144 voo.
515 2081 604 2142 πάλιν
624 2083 706 2142 mihi
725 2083 883 2161 displicet,
903 2099 977 2144 oum
998 2085 1090 2144 Plato
1110 2084 1196 2144 dieat
1215 2079 1253 2161 ἣν
1274 2081 1336 2164 ἄρα
1358 2092 1473 2163 τρυφᾶν
1601 2085 1602 2088 ’

301 2195 414 2273 ἔφαμεν
445 2217 486 2274 ra,
514 2211 578 2256 non
610 2192 648 2273 ἣν
679 2193 706 2254 ολ.
738 2219 760 2255 τ.
784 2193 944 2274 ἐποιοῦμεν
973 2216 1005 2258 π.
1030 2197 1112 2258 Puto
1135 2199 1308 2272 postquam
1331 2196 1418 2257 πόλιν
1441 2198 1473 2257 ln

300 2309 390 2370 πάλιν
420 2312 606 2385 corruptum
638 2311 725 2370 esset
755 2312 804 2382 (ut
834 2311 964 2385 saepius
992 2310 1061 2370 vioe
1085 2325 1180 2371 versa
1203 2311 1347 2372 aooidore
1371 2311 1472 2387 solet),
1602 2287 1603 2290 Ἴ

300 2426 374 2499 post
402 2421 516 2501 ἔφαμεν
543 2423 689 2484 additum
714 2439 785 2484 esse
809 2421 907 2485 πόλιν.
934 2458 974 2467 -
998 2423 1094 2484 Initio
1118 2421 1194 2495 ποὺς
1218 2427 1251 2484 et
1274 2421 1391 2504 ῥυθμὸς
1411 2424 1473 2500 [οτι

300 2538 386 2598 idem
406 2539 444 2597 ut
462 2539 572 2598 nostro
591 2537 660 2598 loeo
680 2535 915 2614 significabant,
935 2541 1048 2612 postea
1064 2535 1140 2608 ποὺς
1154 2539 1267 2612 pedem
1282 2537 1474 2613 simplicem,

301 2649 418 2734 ῥυθμὸς
441 2652 675 2733 compositum3
700 2650 740 2711 oi.
762 2650 824 2712 (iio.
847 2651 935 2711 Orat.
956 2652 1009 2711 64.
1031 2652 1094 2712 218
1119 2652 1244 2727 „Paeon
1265 2653 1348 2725 quod
1367 2651 1475 2726 plures

301 2768 399 2828 habet
428 2766 571 2841 syllabas
594 2779 694 2839 quam
717 2766 796 2841 tres,
819 2780 972 2826 ινιιιιιονιιο
995 2765 1198 2841 quibusdam,
1223 2780 1286 2825 non
1304 2781 1361 2840 poa
1384 2766 1475 2826 habe·

302 2882 387 2944 tur.”
408 2881 432 2941 E
453 2881 587 2955 pedibus
608 2897 633 2941 s.
655 2880 800 2942 numeris
821 2877 972 2959 (ῥυθμοῖς)
993 2879 1092 2958 βάσεις
1105 2877 1260 2940 πλέκονται
1272 2881 1303 2941 h.
1317 2897 1344 2941 e.
1357 2880 1474 2954 pedum

302 2996 553 3071 coniurationes,
585 2995 631 3056 sie
663 3010 713 3055 ex.
746 3008 792 3068 gr.
824 2994 950 3068 dipodia
977 2995 1112 3055 vocatur
1134 2992 1211 3065 ποὺς
1235 2993 1379 3066 σύνθετος
1403 2990 1476 3053 κατὰ

303 3108 455 3188 συζυγίαν.
476 3109 575 3170 Recte
595 3109 694 3183 igitur
715 3108 950 3169 Stallbaumius
970 3107 1060 3187 βάσιν
1081 3109 1222 3183 explieat
1241 3123 1297 3182 por
1313 3108 1475 3184 „rhythmi

232 3291 236 3300 ,
303 3223 506 3292 scansionem
526 3224 623 3296 atque
643 3223 839 3283 incessum.”
860 3222 1076 3282 Numerorum
1098 3220 1245 3302 (ῥυθμῶν)
1266 3236 1384 3295 genera
1399 3224 1477 3280 suni

302 3334 334 3396 τὸ
365 3334 430 3396 ἴσον
461 3351 487 3396 s.
511 3335 600 3407 πόδες
624 3332 718 3415 όόρτιοι
741 3337 774 3396 el
795 3334 827 3395 τὸ
851 3331 956 3394 όνισον
980 3351 1006 3396 s.
1031 3333 1120 3406 πόδες
1144 3333 1292 3414 περισσοί;
1315 3335 1477 3408 posterius

303 3465 406 3525 genus
437 3449 582 3510 continet
607 3446 639 3507 τὸ
664 3448 818 3509 διπλάσιον
842 3441 906 3529 (Ἄ)
931 3451 964 3510 et
986 3443 1122 3526 ἡμιόλιον
1146 3465 1173 3510 s,
1198 3447 1378 3521 παιωνιιιόν;
1402 3449 1477 3509 hinc

302 3564 340 3626 de
364 3564 467 3625 tribus
490 3563 662 3638 generibus
685 3563 776 3623 Plato
800 3563 950 3636 loquitur.

155 3690 220 3750 400
249 3684 279 3752 A
346 3678 429 3738 Male
448 3677 546 3738 Bekk.
569 3677 632 3737 Ast
654 3675 764 3759 Stallb.
779 3676 887 3748 (1858)
908 3687 946 3759 τῷ
969 3676 1091 3760 τοιούτῳ
1111 3673 1188 3761 λόγῳ
1209 3675 1476 3759 (ρῑοτῷτοιοότον

301 3790 387 3875 λόγῳ)
419 3807 437 3852 ο
467 3791 579 3865 paucis
610 3791 725 3851 deterr.
758 3791 847 3851 codd.
881 3791 1059 3851 ediderunt.
1093 3790 1161 3851 Sao.
1195 3789 1325 3864 Campo.
1351 3790 1421 3850 Par.
1447 3790 1476 3849 A

300 3904 432 3978 praebet
462 3902 539 3963 εἴποι
570 3902 731 3981 μιμήματα,
758 3904 778 3965 i.
805 3919 831 3964 e.
855 3905 984 3978 propter
1008 3904 1201 3964 homoeotel.
1227 3903 1325 3964 verba
1348 3925 1380 3980 μι
1404 3906 1476 3962 ποῖα

301 4014 332 4076 δὲ
351 4015 440 4076 ποίου
461 4016 529 4095 βίον
550 4017 747 4078 exciderunt.
769 4017 869 4076 Recte
889 4019 1035 4087 (mutuae
1055 4017 1283 4092 pronominum
1307 4017 1475 4077 relationis

299 4131 414 4208 gratie,
447 4130 486 4192 ci.
512 4131 605 4205 Soph.
631 4131 695 4190 253
707 4131 747 4206 A,
771 4131 806 4200 Β)
831 4131 942 4191 Herm.
967 4131 1050 4191 Bait.
1078 4129 1208 4204 Gampb.
1234 4133 1306 4189 ποῖα
1330 4124 1363 4188 δὲ
1384 4130 1475 4190 ποίου

298 4258 354 4318 pro
384 4248 455 4303 ποῖοι
487 4239 515 4303 δ’
543 4240 648 4304 ὁποίου
673 4260 699 4305 ο.
726 4244 848 4318 aliquot
871 4245 960 4305 codd.
986 4245 1101 4305 detorr.
1126 4244 1304 4304 ediderunt.
1329 4243 1474 4304 Venetus

244 4359 333 4438 ΒΠ
364 4359 474 4418 autem
511 4353 616 4418 ὁποίου
651 4358 793 4434 exhibet,
828 4357 875 4418 sio
909 4357 990 4418 Bkk.
1021 4358 1084 4416 Ast
1118 4356 1300 4418 Schneider.
1335 4347 1354 4439 ΙΙ
1388 4357 1472 4431 Lege

303 4468 425 4548 <τῆς>
456 4467 544 4548 ἄλλης
568 4472 680 4543 κονίας.
710 4471 883 4546 Sequentia
907 4487 960 4533 me
985 4472 1088 4532 ludios
1112 4472 1255 4545 graviter
1278 4470 1472 4545 interpolata

294 4585 326 4642 ei
351 4585 500 4656 corrupta
526 4587 612 4644 suni.
638 4586 741 4658 Vulgo
768 4585 826 4644 viri
851 4585 901 4644 dd.
925 4601 982 4659 per
1006 4581 1143 4644 ἐνόπλιον
1163 4581 1304 4664 (ῥυθμὸν)
1327 4584 1472 4644 trainam
