3278 5098
781 311 800 369 5

194 496 397 572 provenisse,
429 495 486 554 sed
516 495 617 555 etiam
641 511 682 555 ex
706 496 892 556 Aristotelis
908 496 1154 584 ¹Platonicorum
1179 497 1373 570 scriptorum

195 609 379 682 examplari
409 608 607 682 descriptum
635 624 707 669 esse
733 609 907 670 contendit.
932 609 1076 679 Priorem
1100 609 1283 683 opinionem
1306 612 1373 670 iam

197 722 378 783 Schanzius
394 721 545 791 (Hermes
567 721 663 791 1881)
682 722 869 798 protulerat,
891 720 967 794 quia
985 721 1126 782 Galenus
1146 738 1181 783 se
1201 722 1372 784 Timaeum

197 837 234 896 in
268 838 431 917 Ἀττιιιαιῷ
462 834 580 908 legisse
611 838 732 910 narrat,
768 849 825 908 ego
861 836 972 895 autem
1003 850 1061 895 cur
1097 835 1278 908 improbem
1309 851 1372 896 non

197 949 320 1023 habeo;
351 948 453 1009 altera
484 963 654 1008 veronen
684 949 808 1009 temere
834 948 997 1022 probanda
1020 950 1072 1008 est
1094 950 1128 1007 et
1149 949 1256 1022 potius
1279 948 1372 1009 credo

198 1063 241 1132 (si
270 1062 377 1122 Attico
407 1075 522 1121 revera
552 1061 739 1120 Aristotelis
769 1060 980 1121 bibliothecae
1012 1061 1102 1135 copia
1132 1061 1203 1131 luit)
1234 1060 1371 1121 Alexan·

197 1175 326 1234 drinam
349 1174 523 1235 editionem
547 1173 762 1246 Tyrannionis
786 1189 882 1247 opera
902 1189 944 1234 ex
964 1173 1150 1234 Aristotelis
1169 1174 1371 1249 apographis,

196 1303 281 1362 quae
301 1287 369 1346 sine
389 1287 484 1346 dublo
504 1270 635 1346 madore
654 1301 719 1346 non
739 1287 849 1346 minus
869 1290 1019 1362 corrupta
1039 1290 1132 1367 erant
1151 1302 1249 1361 quarn
1269 1287 1372 1361 ipsius

196 1401 371 1474 Stagirites
393 1399 523 1474 scripta,
547 1402 726 1460 correctam
753 1401 884 1461 tantum
908 1415 980 1462 esse
1005 1404 1213 1474 veteremque
1236 1400 1372 1461 Politice

195 1518 230 1576 in
262 1516 293 1574 X
322 1514 420 1575 libros
453 1513 656 1588 divisionem,
688 1527 752 1585 uua
782 1514 968 1575 Aristotelis
1000 1517 1183 1590 apographa
1216 1515 1372 1574 nimirum

198 1630 361 1704 carebant,
385 1627 425 1687 ab
447 1627 557 1687 Attico
578 1627 736 1686 intactam
760 1627 908 1688 relictam
932 1644 1014 1689 esse.

245 1745 283 1803 In
312 1743 434 1803 maiore
462 1741 609 1801 codicum
632 1743 723 1815 parte
747 1741 866 1815 singuli
888 1742 962 1802 libri
984 1741 1066 1820 λόγοι
1089 1745 1246 1803 vocantur
1268 1757 1371 1814 neque

198 1857 295 1918 aliter
315 1857 349 1915 in
373 1854 511 1915 editione
532 1853 666 1914 Aldina:
692 1856 854 1913 Πολιτειῶν
877 1863 999 1930 πρῶτος.
1020 1856 1064 1915 At
1085 1856 1117 1915 in
1137 1855 1270 1929 reliquis
1290 1855 1370 1915 codi-

197 1972 289 2033 cibus
311 1971 450 2043 legimus
473 1971 530 2029 aut
550 1967 711 2039 Πλάτωνος
730 1972 884 2029 πολιτειῶν
908 1955 937 2028 ᾌ
959 1972 1016 2030 aut
1036 1969 1197 2040 Πλάτωνος
1217 1972 1371 2028 πολιτειῶν

196 2084 309 2163 πρώτη,
336 2083 375 2144 ad
399 2083 483 2156 quod
510 2081 610 2160 πρώτη
633 2084 744 2143 utrum
769 2082 871 2161 βίβλος
895 2099 937 2144 an
959 2083 1090 2144 πολιτεία
1114 2084 1371 2145 subaudiendum

196 2200 244 2260 sit
273 2195 394 2269 ambigi
424 2197 540 2269 potest.
573 2194 680 2255 (lodex
711 2196 878 2256 Parisinus
908 2199 937 2256 A
967 2197 1210 2271 inscriptionem
1241 2198 1372 2258 exhibet

196 2315 335 2373 hancce:
368 2312 527 2368 Πολιτεῖαι.
558 2294 599 2384 Ji,
629 2309 683 2381 qui
719 2324 875 2370 numerus
905 2310 1026 2371 indicat
1058 2312 1202 2386 primum
1236 2311 1371 2372 Politiae

197 2429 318 2489 librum
360 2439 432 2484 esse
470 2422 635 2497 dialogum
670 2423 876 2495 trigesimum
906 2425 1008 2484 totius
1042 2425 1183 2498 corporis
1217 2423 1371 2502 (σώματος)

199 2540 344 2602 Platonis
368 2538 571 2611 scriptorum,
597 2551 762 2610 quumque
784 2537 818 2596 in
841 2538 1005 2597 nonnullis
1029 2537 1191 2598 codicibus
1213 2539 1247 2598 in
1271 2538 1372 2598 liene·

198 2655 276 2716 xeni
298 2653 361 2712 fine
385 2650 483 2712 verba
505 2644 585 2718 τέλος
608 2655 661 2708 τοῦ
684 2647 803 2727 πρώτου
823 2648 941 2727 βιβλίου
960 2651 1171 2727 reperiantur,
1191 2651 1270 2711 illud
1290 2658 1374 2728 σῶμα

198 2772 235 2830 in
265 2768 326 2827 duo
356 2762 464 2840 τόμους
499 2761 640 2822 divisum
675 2763 777 2822 fuisse
807 2763 981 2825 manifesto
1010 2766 1110 2838 patet.
1143 2767 1181 2824 In
1211 2765 1334 2826 Veneto
1365 2765 1376 2826 t

200 2881 346 2956 (append.
370 2881 398 2939 l.
419 2878 450 2946 4)
472 2875 623 2936 similiter
634 2878 763 2950 praeter
776 2877 875 2937 verba
887 2876 1041 2948 Πολιτείας
1055 2892 1073 2936 u
1086 2879 1203 2952 legitur
1215 2879 1325 2939 littera
1337 2883 1376 2937 A.
