3278 5098
703 286 745 351 49

147 479 208 551 quis
236 479 329 542 editt.
360 478 513 553 praetulit
536 476 604 537 vam
630 479 655 538 L
679 476 761 563 νόμῳ
785 474 818 538 δὲ
841 478 891 561 βίᾳ
916 476 983 554 (pr'o
1010 478 1213 565 <πν1>βίγ)
1237 473 1308 544 ooli.

147 592 200 652 552
230 592 255 652 Ε
286 589 433 674 ἐπιμελείᾳ
456 591 517 675 βίγ.
541 592 665 653 Abesse
688 592 803 653 malim
826 607 904 652 mox
930 609 1042 656 vocem
1066 594 1206 674 δύναμιν,
1227 613 1310 671 quae

106 697 461 780 liinterpretamentum
496 707 548 768 eet
583 706 729 767 vocabuli
763 703 905 778 ἐξουσίας.
929 697 949 790 ΙΙ
982 707 1185 782 optimorum
1220 709 1309 771 codd.

146 817 229 879 lectio
260 821 312 880 est
341 827 380 890 νῷ
412 818 513 898 Γόγον
541 827 593 879 που
618 819 726 880 Λυδοῦ
749 818 886 905 προγόνρν
911 817 971 897 (sic
994 819 1086 898 Bkk).
1112 822 1311 898 Wiegandus

146 934 244 993 autem
277 929 499 1010 (probantibus
530 933 641 995 Herm.
666 933 748 994 Bait.
774 932 918 1010 damph.)
948 935 1044 1014 Γόγον
1068 936 1198 1010 delevit,
1223 937 1311 998 recte

145 1045 293 1122 niiailor,
326 1061 402 1106 cum
431 1046 464 1106 in
487 1046 554 1108 Lib.
579 1046 610 1106 X
633 1062 660 1107 c.
688 1048 727 1107 12
751 1048 879 1122 legatur
901 1045 953 1108 τὸν
977 1048 1078 1127 Γόγον
1104 1043 1127 1126 1)
1153 1049 1311 1110 δακτύλιον

147 1161 173 1218 ct
194 1176 233 1220 ex
256 1159 418 1222 Herodoto
443 1160 586 1222 sciamus
611 1159 719 1221 Croesi
738 1159 888 1240 πρόγονον
908 1160 1010 1222 fuisse
1033 1161 1154 1236 Gygen.
1175 1162 1312 1224 Bekkeri

147 1273 308 1334 lectionem
343 1274 512 1346 antiquam
547 1289 619 1334 esse
655 1274 880 1336 demonstrant
915 1275 1018 1336 Procli
1050 1277 1148 1336 verba
1178 1277 1212 1336 in
1242 1277 1313 1338 ciue

147 1387 470 1449 commentatiuncula
494 1385 549 1458 Εἰς
573 1385 624 1446 νόν
647 1384 679 1446 ἐν
703 1388 841 1471 Πολιτείᾳ
866 1393 968 1465 μῦθον
997 1385 1113 1466 (Procli
1137 1403 1255 1450 comm.
1280 1390 1313 1450 in

147 1501 307 1577 Rempubl.
344 1502 454 1576 partes
484 1502 634 1578 ineditae,
666 1502 714 1563 ed.
745 1501 783 1563 R.
809 1501 935 1563 Schoell
967 1504 1000 1562 et
1031 1502 1067 1564 G.
1101 1503 1312 1564 Studemund.

150 1614 238 1694 1886)
261 1633 291 1692 p.
318 1607 389 1678 80³⁰
411 1612 451 1686 ὡς
481 1611 530 1673 καὶ
553 1624 589 1698 τῇ
614 1617 787 1699 Μαντινικῇ
811 1611 880 1698 ξένῃ
903 1613 1015 1699 καὶτῷ
1039 1613 1114 1675 κατὰ
1137 1613 1188 1674 τὸν
1212 1615 1313 1694 Γύγου

147 1729 287 1810 πρόγονον
311 1728 478 1810 διηγήμυτι.
502 1729 709 1792 Siallbaumii
731 1740 791 1792 0⁸¹³
816 1740 855 1812 τῷ
878 1729 962 1812 Γύγῃ
982 1725 1031 1806 (V.
1051 1727 1098 1806 L.)
1122 1729 1314 1801 [antisiodori

148 1842 287 1929 προγόνῳ]
310 1859 396 1906 unus
415 1843 600 1905 Schmeizer
618 1844 783 1920 probavit;
805 1861 880 1906 cum
901 1860 977 1906 vero
998 1845 1076 1905 iilud
1096 1845 1180 1926 Γύγῃ
1197 1845 1313 1905 deterr.

148 1958 229 2019 codd.
252 1959 297 2019 sit
319 1959 416 2019 lectio
439 1958 634 2032 Prociusque
657 1974 684 2019 o.
709 1959 841 2033 optimis
864 1959 986 2019 nostris
1008 1959 1097 2019 codd.
1122 1958 1314 2032 consentiat,

147 2085 204 2130 non
226 2072 336 2133 dubito
362 2073 439 2145 quin
464 2087 576 2148 rerum
602 2070 799 2147 Wicgandus
822 2073 948 2134 viderit.
972 2107 1011 2116 -
1036 2071 1160 2133 Codicis
1183 2071 1263 2132 Ven.
1286 2073 1318 2129 Π

146 2183 311 2247 lectionem
340 2180 435 2259 <t>
451 2189 656 2264 μυθολογοῦσι
687 2186 749 2246 soli
780 2186 878 2247 Beirk.
911 2186 1059 2248 Schneid.
1095 2185 1225 2261 campo.
1249 2200 1316 2260 pro-¹

148 2298 272 2375 barunt;
299 2314 356 2373 ego
377 2301 488 2359 autem
510 2299 623 2360 malim
644 2303 848 2378 μυθολογοῦσι
868 2299 984 2376 delere,
1005 2315 1080 2360 cum
1094 2300 1221 2360 constet
1233 2300 1318 2360 bunc

148 2410 247 2473 locum
270 2413 510 2487 interpolatoris
534 2427 669 2473 manum
695 2428 829 2488 passum
854 2429 935 2473 esse.
952 2447 990 2456 -
1005 2413 1080 2474 Mox
1103 2413 1171 2474 cod.
1197 2413 1267 2474 Par.
1289 2414 1317 2472 A

148 2521 216 2602 ἔχειν
245 2526 357 2587 omisit
389 2527 598 2600 probantibus
630 2527 742 2588 Herm.
774 2526 857 2588 Bait.
882 2526 1052 2602 Schmelz„
1077 2526 1170 2600 quasi
1193 2526 1317 2600 ellipsis

149 2639 230 2699 verbi
259 2637 335 2717 ἔχειν
366 2639 442 2700 ferri
473 2640 586 2714 possit.
619 2639 754 2715 Bekker,
786 2640 933 2701 Schneid.
966 2638 1078 2700 Stalib.
1112 2638 1243 2714 damph.
1275 2655 1317 2700 ex

40 2787 41 2790 =
147 2751 220 2815 Ven.
245 2756 279 2811 Π
299 2750 373 2831 ἔχειν
398 2753 598 2830 addiderunt,
623 2753 815 2814 rectissime.
840 2753 918 2814 Mire
939 2753 1119 2827 Madvigius
1138 2753 1177 2813 ci.
1198 2748 1318 2830 ἅνθρω-

148 2885 211 2942 πον,
239 2865 370 2926 πλούτου
402 2861 434 2924 δὲ
457 2863 557 2944 οὐδέν,
579 2863 644 2944 περὶ
668 2862 700 2925 di
722 2875 758 2950 τῇ
782 2863 853 2944 χειρὶ
877 2870 936 2942 πελ,
959 2882 1057 2940 quam
1081 2877 1140 2927 0⁸¹³
1167 2866 1320 2927 Llebhold

149 2976 260 3054 (Plocio.
289 2979 360 3040 Jbb.
383 2980 467 3040 1888
488 2980 538 3041 bd.
563 2978 637 3056 137)
658 2981 844 3055 improbans
864 2981 932 3054 ipse
953 2983 992 3041 ci.
1013 2977 1188 3060 ἄνθρωπον,
1206 2979 1319 3058 νόομον

40 3175 41 3180 ¹
150 3087 179 3151 δὲ
201 3091 268 3154 r'r'iio
291 3089 345 3170 μὲν
370 3088 457 3172 ἔχοντ’
484 3089 583 3169 οὐδέν,
605 3091 672 3173 περὶ
696 3089 728 3153 δὲ
751 3102 785 3177 τῇ
810 3090 882 3172 χειρὶ
905 3098 962 3153 κτλ.
991 3094 1031 3154 Η.
1056 3094 1196 3155 Jaokson
1217 3092 1319 3171 (Gam-

149 3205 252 3282 bridge
287 3208 401 3268 Philol.
437 3207 565 3282 society
596 3209 615 3268 9
648 3209 757 3269 March
792 3206 888 3284 1882)
921 3209 1057 3282 denique
1088 3208 1126 3269 oi.
1158 3206 1264 3267 νοόοον
1288 3202 1320 3265 δὲ

150 3316 215 3382 ἄλλο
239 3319 293 3399 μὲν
316 3319 417 3397 οὐδέν,
438 3318 505 3400 περὶ
529 3317 561 3380 δὲ
585 3331 620 3406 τῇ
643 3319 716 3400 χειρὶ
738 3337 819 3400 χρυσ.
844 3321 1001 3381 δακτύλιον
1027 3315 1084 3392 [bv]
1113 3318 1320 3399 περιελόμενον

151 3429 278 3512 ἐκβῆναι,
308 3451 423 3510 parum
450 3435 552 3496 docte.
580 3435 620 3496 Η.
646 3434 782 3496 Wolflus
806 3435 987 3496 coniecerat
1010 3431 1056 3492 ἐπὶ
1079 3448 1135 3507 pro
1159 3430 1235 3511 περ),
1257 3447 1320 3506 quo

150 3563 210 3608 non
242 3565 332 3625 opus.
369 3551 606 3611 Hcrwerdenus
641 3552 752 3610 autem
787 3547 861 3626 (Mn.
897 3545 994 3625 1883)
1025 3547 1320 3622 scribit.„permire

150 3662 267 3725 dictum
298 3680 355 3740 pro
386 3661 454 3743 περὶ
485 3659 517 3723 el
541 3673 579 3746 cp
604 3661 777 3745 όνκνύ1ῳ”;
811 3666 845 3723 ab
878 3663 1065 3724 etiamnunc
1095 3659 1244 3720 homines
1274 3659 1321 3719 ita

151 3775 329 3850 loquuntur.
363 3777 408 3840 Oi.
440 3779 607 3852 praeterea
638 3792 687 3851 ap.
721 3777 884 3852 Aristoph.
917 3776 1014 3852 Vesp.
1048 3777 1110 3836 703
1142 3772 1320 3854 1όγιονν...,

151 3885 207 3950 ἀπὸ
229 3891 369 3970 χειρός.
666 3955 670 3961 ,

40 3995 132 4068 ieci
194 4004 273 4065 illud
307 3999 353 4063 rial
385 4004 485 4066 Bekk.
521 4006 554 4065 et
588 4003 700 4065 Stallb.
733 4020 751 4063 e
782 4005 898 4065 deterr.
930 4004 1092 4065 codicibus
1122 4003 1320 4077 receperunt.

151 4114 252 4194 Quum
286 4118 365 4178 Ven.
403 4120 437 4175 Π
464 4119 616 4179 exhibeat
646 4115 726 4201 αὐτῷ
757 4116 834 4177 citro
863 4115 913 4176 νο)
942 4115 1030 4192 odam,
1051 4119 1128 4190 puto
1152 4115 1322 4176 Platonem
1405 4115 1407 4120 “

151 4230 315 4305 scripsisse
349 4228 642 4314 αὐτῷ<υαὶ>οῧτω
678 4229 851 4309 ξυμβαίνειν
883 4227 945 4307 (καὶ
976 4232 1028 4290 esi
1058 4230 1111 4290 hic
1144 4221 1321 4305 „revera'’).

150 4341 261 4406 Veneti
284 4346 352 4407 cod.
376 4345 527 4406 librarius
550 4346 582 4405 in
607 4361 672 4419 mg.
697 4347 750 4407 sui
773 4346 890 4406 codicis
915 4341 959 4421 (id
983 4344 1066 4416 quod
1090 4343 1213 4404 conieci
1235 4357 1321 4416 prce·

187 4586 206 4654 ¹)
222 4593 251 4640 In
269 4608 320 4655 mg.
339 4592 399 4642 (iod.
417 4596 544 4642 Malabesb.
562 4595 657 4654 legitur
675 4597 766 4658 ἱστορία
783 4598 824 4638 τοῦ
841 4594 919 4650 γύγου.

1231 4674 1245 4716 4
