3278 5098
869 299 910 380 ’τε

303 503 408 566 Troilo
427 515 462 588 τῇ
482 504 682 590 παντομόρφιμ
706 502 803 564 Θέτιδι
822 504 1002 582 συμπλακείς
1022 525 1092 564 ποτε
1113 508 1146 566 et
1162 497 1327 580 Sophoclis
1338 506 1478 566 Achillis

301 619 483 680 Amatores.
508 620 691 680 Beklrcrum
715 635 789 680 cum
813 619 1026 680 Valckenario
1050 615 1117 698 (qui
1142 632 1273 679 versum
1297 620 1475 695 paroemia·

258 769 260 773 ·
301 747 377 792 cum
399 733 527 806 putavit
552 767 590 774 -
604 741 739 811 ποταμοῦ
763 729 866 792 παισίν
890 729 1114 811 praecipere—i
1138 729 1241 790 ιταισὶν
1267 747 1322 807 pro
1345 728 1430 791 ιιαισὶ
1453 726 1476 809 ¹)

301 845 494 908 scribentem
527 847 594 909 fere
617 864 731 910 omnes
755 849 845 910 editt.
871 850 974 910 secuti
997 841 1084 924 sunt,
1109 849 1156 908 ita
1179 850 1216 908 ut
1240 848 1337 909 verba
1358 841 1476 925 Ἰνάχου

301 959 430 1039 Ἀργείου
448 963 584 1039 resopita
603 959 707 1021 ιιυιυίν
727 962 884 1042 βιοδώροις
903 963 936 1022 in
957 963 1087 1023 hexam.
1109 963 1192 1023 dact.
1213 961 1354 1023 formam
1373 961 1477 1035 redigi

300 1075 435 1150 possint.
456 1075 637 1136 Dindoriius
656 1076 736 1137 illud
755 1075 909 1151 Aeschyli
927 1076 1084 1136 Xantriae
1100 1077 1320 1150 fragmentum
1334 1067 1383 1153 (n⁰
1398 1071 1475 1152 170)

301 1189 348 1251 sic
372 1190 541 1250 constituit
563 1185 775 1269 ὀρεσσιγόνοισι
795 1185 799 1271 ἠ
820 1189 954 1266 νύμφαις
978 1189 1135 1268 κρηνιάσιυ
1158 1181 1331 1269 κυδραῖσιῗ)
1355 1192 1476 1248 θεαῖσιν

302 1299 408 1382 ιἰγείρω
429 1295 567 1384 ἠἸνιίγου
587 1306 644 1361 ιιιλ.
665 1303 902 1364 Herwerdenus
922 1299 996 1380 (lin.
1021 1300 1117 1381 1883)
1139 1301 1474 1380 ο1.βιοδώρου,οαωεα-

301 1426 399 1489 quam
420 1417 453 1476 et
473 1417 664 1477 scholiastes
680 1417 905 1500 Aristophanis
918 1418 957 1477 ad
970 1417 1050 1478 Ran.
1066 1417 1151 1477 1344
1163 1414 1321 1495 βιοδώροις
1332 1416 1474 1476 exhibet.

301 1530 401 1590 Paulo
425 1533 500 1591 ante
522 1527 695 1604 legendum
716 1545 831 1592 censeo
852 1527 1053 1610 ἠλλοιωμένην
1073 1530 1114 1602 είς
1128 1527 1243 1610 Ιίέρειυν
1263 1545 1319 1606 pro
1339 1526 1366 1608 ἠ.
1387 1527 1426 1602 ὡς
1447 1529 1477 1606 i,

301 1643 401 1718 quum
424 1644 458 1704 in
482 1641 613 1718 vulgata
636 1645 773 1706 lectione
788 1641 887 1723 Ἥραν
911 1641 955 1722 ἠλ.
975 1641 1015 1716 ὡς
1034 1660 1102 1706 vox
1119 1640 1321 1722 ἠλλοιωμένην
1341 1659 1474 1719 prorsus

301 1759 451 1820 abundet.
484 1757 634 1819 Fortasse
665 1759 798 1832 vulgata
826 1758 985 1819 servanda
1008 1760 1058 1819 est
1081 1758 1248 1833 participio
1271 1754 1475 1836 ἠλλοιωμένην

250 1866 415 1932 Ildele'to.
449 1863 468 1955 ΙΙ
498 1872 599 1932 Recte
635 1868 773 1933 Cobetus
808 1869 897 1950 (nota
929 1869 1003 1948 ms.)
1036 1865 1176 1932 correxit
1206 1861 1388 1948 ψευδέσθων
1415 1877 1476 1946 pro

299 1979 526 2062 ψευδέσθωσαν.
548 1983 650 2063 Quam
668 1983 818 2047 insolitae
832 1985 996 2046 Graeculis
1006 1986 1137 2046 Atticae
1153 1985 1277 2047 formae
1289 1975 1476 2060 imperativi

300 2099 419 2171 essent,
451 2079 631 2161 luculenter
655 2101 803 2161 'ostendit
833 2100 976 2160 scholion
1008 2101 1048 2161 ad
1080 2092 1219 2174 seque'ns
1246 2103 1316 2161 ‘voc
1340 2095 1476 2175 έιιίέιμυ-

298 2211 447 2273 τίίίίντωνε
468 2209 534 2272 ἀντὶ
548 2216 606 2273 ’τοῦ
627 2211 907 2291 ἕκδειματούτωσαυ,
920 2214 1118 2272 ΑΤΤΙΚΩΣ,
1135 2213 1177 2274 Hi
1189 2213 1287 2288 igitur
1304 2205 1364 2273 viii
1377 2211 1475 2288 docti,

300 2326 355 2400 oui
373 2303 505 2385 ’ἔστωσαν
526 2324 603 2405 (352
616 2327 654 2388 Α.
670 2315 740 2389 ²354
752 2319 804 2406 A),
825 2321 1044 2404 oratiototam
1064 2317 1139 2408 (381
1153 2323 1191 2405 Ε)
1208 2363 1237 2371 -
1251 2324 1477 2388 Macedonicas

299 2438 421 2500 formas
454 2474 494 2483 —
523 2447 670 2517 servant,
705 2441 804 2502 tacite
839 2440 1030 2516 profitentur
1064 2437 1233 2502 Platonem
1265 2431 1330 2501 'non
1365 2425 1476 2502 Kitios

232 2591 235 2596 -
299 2554 478 2628 scripsisse.
515 2553 745 2628 Corrigendnm
777 2557 854 2629 puto
884 2554 913 2614 τί
939 2555 1005 2629 δαίς
1035 2551 1120 2633 (vide
1153 2555 1238 2615 dicta
1269 2555 1309 2615 ad
1342 2555 1404 2614 343
1418 2549 1473 2631 Α),

298 2665 398 2740 quum
431 2668 608 2728 verisimile
639 2669 683 2728 sit
714 2666 879 2730 Socratem
910 2663 1077 2729 Adimanti
1108 2661 1299 2743 responsum
1332 2668 1476 2742 aliquan·

297 2779 404 2842 tulum
428 2782 584 2842 miratum
608 2795 690 2842 esse.

154 2894 217 2954 382
245 2893 274 2958 Β
342 2895 414 2955 Par.
446 2886 487 2955 ΑΙ
513 2911 577 2955 om.
609 2898 737 2970 propter
756 2896 950 2958 homoeotel.
976 2898 1073 2962 verba
1099 2894 1149 2955 καὶ
1173 2893 1322 2972 ἐψεῦσθαι
1342 2892 1478 2974 'laudern

299 3023 343 3068 m.
367 3005 461 3086 adt).
488 3043 526 3052 —
549 2989 626 3069 liele
647 3009 874 3069 toedissimum
899 3009 1061 3071 emblema
1084 2985 1133 3068 νίαί
1153 2993 1263 3088 ‘riphea
1289 3003 1375 3088 είνυι,
1397 3009 1479 3084 quia

297 3122 330 3181 in
361 3121 571 3195 sequentibus
606 3119 690 3199 (ἀλλὰ
714 3120 773 3199 μὴν
798 3118 945 3203 ὀρθότατά
968 3117 991 3202 γ’
1018 3119 1059 3181 ’ἂν
1073 3170 1079 3182 .
1093 3169 1099 3181 .
1170 3123 1256 3183 ’τοῦτο
1287 3121 1327 3195 ὡς
1350 3101 1478 3200 ἀληθῶς

296 3231 410 3312 ψεῦδος
440 3239 557 3295 καλοῖτο
587 3230 606 3312 ἡ
638 3233 669 3294 ἕν
693 3244 728 3320 τῇ
750 3245 834 3318 ψυχῇ
855 3232 975 3316 ’ἄγ’νοια)
999 3237 1132 3297 demum
1156 3236 1236 3298 illud
1262 3233 1375 3314 ψεῦδος
1395 3225 1477 3297 'defi'-

297 3343 394 3409 nitur.
420 3348 453 3409 Si
477 3347 574 3410 veiha
596 3348 652 3410 illa
671 3350 811 3422 genuina
830 3351 950 3427 essent,
972 3351 1041 3411 sine
1061 3350 1156 3410 dubio
1176 3351 1269 3411 Plato
1288 3343 1481 3424 scripsisset

298 3459 373 3541 ἔχειν
403 3481 426 3521 τ.
458 3479 483 3521 ιι.
514 3467 676 3540 κεκτῆσθαι
707 3461 739 3522 ’τὸ
761 3457 876 3540 ψεῦδος
899 3460 949 3523 καὶ
970 3461 1025 3540 τήν
1048 3460 1184 3540 ἀμαθίαν
1209 3465 1242 3524 et
1263 3459 1391 3541 ’ἀμαθεῖς
1414 3478 1479 3538 pro

297 3573 414 3655 ν’λμαθή,
436 3578 522 3638 sicut
544 3577 577 3637 in
600 3575 620 3653 ἕ
644 3579 673 3638 Α
697 3575 820 3656 ἑαυτῶν,
843 3594 906 3640 non
930 3576 1036 3638 ἑαυτοῦ
1058 3571 1197 3654 scripsit.
1220 3613 1260 3622 —
1283 3573 1481 3640 Dubitant'er

296 3691 460 3753 Herward.
497 3679 575 3773 (Mn.
610 3689 707 3768 1883)
740 3693 778 3753 ci.
811 3701 930 3770 μισοῦσι
961 3691 1083 3770 ’μάλιστα
1114 3690 1187 3752 αὐτὸ
1217 3689 1253 3751 te
1277 3689 1391 3751 ιοίίιλιο
1414 3693 1480 3765 pro

296 3827 325 3882 μ.
349 3828 377 3882 μ.
401 3801 428 3864 ἀ.
452 3802 485 3864 ’ἓν
508 3814 547 3888 τῷ
571 3805 694 3889 τοιούτῳ
719 3805 862 3879 (Campb.
892 3806 942 3880 „in
966 3803 1046 3866 such
1069 3821 1089 3866 a
1109 3793 1239 3884 ’(1383”),’
1257 3796 1315 3866 sed
1339 3805 1480 3878 Vulgata

296 3919 414 3980 clarius
437 3918 582 3980 Platonis
603 3922 746 3979 mentem
767 3917 900 3996 (μισοῦσι
919 3918 1041 3995 μάλιστα
1061 3917 1134 3978 αὐτὸ
1155 3917 1226 3979 ὅταν
1246 3916 1278 3978 ἐν
1297 3927 1332 4002 τῇ
1344 3913 1425 4000 ψύχή
1437 3908 1481 4000 ᾖ)

296 4047 394 4107 quam
429 4033 638 4094 Herwerdeni
673 4035 706 4094 ca
732 4031 844 4108 aperit.
878 4067 919 4076 -
952 4031 1025 4093 Mox
1056 4032 1127 4107 lege
1157 4025 1253 4109 υννδή
1285 4033 1306 4093 i.
1339 4045 1366 4092 e.
1398 4027 1483 4112 ἠρτι,

296 4161 396 4221 quum
433 4148 582 4208 Socrates
618 4159 665 4223 ea,
701 4162 783 4220 quae
815 4159 912 4221 supra
943 4144 975 4223 (ἠ
1004 4147 1033 4206 Α
1064 4147 1107 4207 in.
1140 4143 1195 4206 οὐκ
1227 4138 1318 4206 οἶσθα
1342 4142 1385 4204 ὅτι
1408 4145 1481 4226 κτλ)

295 4261 442 4337 dixisset,
476 4261 637 4336 respiciat.
669 4260 789 4321 Deinde
820 4254 890 4321 dele
921 4261 1018 4322 verba
1049 4255 1068 4336 ἠ
1099 4267 1152 4320 τοῦ
1172 4255 1373 4337 έμευσμένου,
1394 4258 1481 4334 quia

330 4530 350 4597 ¹)
367 4534 409 4582 Sic
427 4536 453 4581 et
470 4534 630 4580 scholiastes.

328 4621 348 4684 ςέ)
366 4624 477 4672 (laesura
494 4624 593 4696 vitiosa.
611 4625 678 4674 Num
696 4624 817 4689 ncipatum
834 4597 942 4672 θαιῖσινί
