3278 5098
696 316 738 376 29

137 504 320 579 superlativo
344 504 439 564 modo
463 519 538 564 ourn
563 503 703 580 nomine,
725 505 820 564 modo
842 505 911 564 sine
931 505 1062 565 nomine
1082 508 1296 581 usurpantur:

136 619 160 677 si
181 634 291 679 nomen
315 618 486 694 omissum,
509 621 582 678 turn
602 615 721 696 ἀνδρῶν
742 620 853 679 mente
873 619 1015 694 suppleri
1035 621 1171 694 oportet,
1194 620 1297 680 itaut

136 723 155 789 t
184 729 327 806 σοφώτατε
357 730 518 806 significet
553 748 589 808 ,o
618 732 762 793 omniurn
787 732 1035 807 doetissimel”;
1060 748 1159 806 quum
1185 736 1296 793 autem

138 845 273 906 Socrates
300 846 332 906 id
355 861 431 906 oum
455 846 521 907 risu
546 846 641 922 dieat,
663 846 761 906 verba
781 837 803 904 a
825 825 974 920 σοφώτατε
993 846 1059 926 tere
1079 846 1166 906 idern
1188 847 1298 906 valent

137 960 223 1031 atque
253 950 275 1017 ὦ
307 955 429 1036 ἀνόητος
461 962 495 1019 at
526 975 589 1019 non
620 960 704 1020 solet
734 959 883 1020 Socrates
914 959 998 1020 siout
1021 959 1293 1036 Thrasymachus,

137 1071 233 1148 PoluS,
267 1073 331 1149 alii,
368 1073 571 1134 adversarios
606 1087 684 1134 suos
715 1073 869 1134 conviciis
901 1073 1079 1134 oonseotari
1110 1088 1214 1146 neque
1247 1075 1298 1134 hio

135 1185 223 1257 igitur
251 1187 282 1246 id
313 1186 429 1246 fecisse
460 1187 623 1262 putandus
655 1188 722 1261 est;
757 1219 795 1228 -
829 1187 879 1246 sin
908 1201 984 1246 vero
1008 1201 1127 1247 nornen
1150 1187 1297 1247 additum

135 1300 187 1373 ast,
220 1299 436 1373 superlativus
469 1301 599 1360 tantum
631 1302 728 1374 auget
758 1301 827 1360 vim
858 1300 976 1373 gradus
1009 1300 1149 1376 positivi,
1183 1300 1230 1360 ita
1261 1305 1298 1360 ut

135 1402 155 1470 ὦ
186 1412 331 1488 σοφώτατε
364 1413 539 1492 Θρασύμαχε
570 1415 761 1474 vertendum
793 1415 837 1473 sit
866 1414 980 1474 Latine
1017 1429 1053 1489 ,o
1086 1414 1180 1475 valde
1207 1415 1299 1475 docte

135 1525 250 1603 Thr.l”,
281 1529 365 1600 quod
397 1528 425 1588 si
456 1528 574 1588 ironice
606 1528 655 1598 (of.
692 1529 754 1587 387
768 1528 808 1598 A)
840 1528 963 1588 dictum
988 1528 1049 1602 est,
1074 1527 1163 1588 valet
1190 1543 1227 1602 ,o
1251 1529 1298 1601 tu,

134 1639 183 1711 qul
209 1641 317 1700 minus
347 1641 435 1716 sapis
466 1656 566 1714 quam
598 1641 692 1714 volgo
723 1641 863 1700 videris”
895 1656 955 1701 neo
977 1642 1046 1700 tarn
1071 1642 1224 1701 acerbum
1248 1642 1299 1700 est

134 1766 222 1824 quam
246 1755 324 1816 illud
348 1747 371 1814 ὦ
396 1754 554 1831 σοφώτατε.

36 1853 114 1921 nol
172 1867 272 1930 Verba
306 1866 366 1928 oea
400 1877 459 1928 τῶν
493 1866 643 1948 ἀρχόντων
677 1869 787 1943 spuria
819 1871 905 1930 sunt.
938 1869 1085 1929 Primum
1117 1883 1197 1943 opus
1229 1869 1299 1929 erat

135 1977 242 2055 <τὰ>
275 1979 335 2042 dat
366 1991 424 2042 τῶν
454 1979 614 2061 ἀρχόντων,
644 1982 757 2042 deinde
789 1982 894 2044 alieno
926 1983 995 2044 loco
1018 1983 1140 2044 inserta
1164 1985 1241 2043 sunt
1265 1984 1298 2042 et

133 2091 217 2164 plana
246 2095 373 2168 frigent.
405 2096 479 2156 Mox
510 2096 614 2156 multo
645 2096 766 2156 reotius
788 2111 888 2169 quarn
912 2095 1023 2157 Stallb.
1049 2097 1157 2167 (1850)
1181 2096 1297 2168 reliqui

134 2207 214 2268 editt.
258 2210 538 2286 interpunxerunt,
581 2211 655 2284 post
697 2209 837 2269 alterurn
878 2206 963 2269 ἔθετο
1007 2212 1164 2284 punctum
1200 2210 1297 2270 finale

97 2315 115 2382 G
134 2325 289 2391 ponentes.
314 2315 333 2406 ΙΙ
359 2323 486 2398 Optime
507 2324 671 2399 (probante
691 2322 825 2393 Wohlr.)
847 2323 886 2383 H.
901 2324 1015 2384 Bonita
1027 2325 1136 2394 (Zeits.
1150 2325 1169 2384 f.
1183 2327 1296 2398 osterr.

133 2447 234 2507 gyno.
262 2438 356 2508 1865)
381 2452 532 2498 maneam
558 2452 630 2498 asse
654 2437 833 2497 orationem
858 2436 890 2495 in
915 2438 1022 2498 verbis
1042 2445 1127 2497 τοῦτο
1149 2429 1187 2516 ἦν
1208 2433 1296 2500 8....

133 2543 179 2606 etv
200 2571 227 2609 τε
248 2549 288 2628 μὴ
312 2551 484 2628 intellexit,
509 2553 543 2612 et
566 2552 728 2612 coniciens
751 2549 783 2614 τὸ
808 2549 924 2609 δίκαιον
950 2552 980 2624 [,]
1005 2549 1037 2611 τὸ
1061 2559 1113 2610 τοῦ
1134 2551 1297 2629 κρείττονος

133 2661 283 2742 ξυμφέρον,
308 2663 382 2737 <τὸ
405 2662 598 2743 gapatae>
625 2664 737 2725 δοκοῦν
760 2668 809 2723 κτλ
832 2680 948 2738 parum
972 2667 1108 2726 venuste
1130 2665 1296 2726 Socratem

133 2773 305 2849 loquentem
338 2779 423 2840 feeit.
456 2779 533 2839 Mihi
561 2779 671 2840 omnia
701 2794 782 2840 sana
815 2778 965 2838 videntur
1003 2778 1080 2855 fore,
1116 2779 1143 2837 si
1180 2779 1297 2854 legeris

91 2884 158 2948 liet
190 2891 312 2969 δίκαιον,
346 2890 378 2952 τὸ
415 2896 478 2965 [τοῦ
512 2893 686 2972 κρείττονος]
721 2888 873 2970 ξυμφέρον
907 2891 1018 2952 δοκοῦν
1050 2897 1108 2952 κτλ.
1142 2885 1161 2977 ΙΙ
1193 2895 1298 2957 verba

132 3003 186 3063 τότε
219 3003 287 3065 ὅταν
321 3002 485 3089 ἁμαρτάνῃ,
519 3003 592 3066 κατὰ
623 3005 734 3083 ταύτην
765 3002 818 3081 τὴν
852 3001 999 3084 ἁμαρτίαν
1030 3011 1179 3084 corrupta
1211 3012 1297 3086 sunt,

131 3120 262 3191 primum
297 3121 467 3182 dicendum
503 3124 573 3181 erat
607 3114 666 3179 κατ’
701 3116 796 3195 αὐτὴν
829 3117 882 3195 τὴν
915 3115 1070 3198 ἁμαρτίαν,
1103 3123 1216 3184 deinde
1247 3123 1297 3183 bis

131 3231 209 3294 idern
240 3236 366 3296 dicitur.
404 3235 601 3310 Praepositio
632 3230 705 3292 κατὰ
738 3234 881 3294 insiticia
912 3235 962 3294 est
995 3236 1027 3294 ot
1057 3234 1149 3296 illata
1173 3237 1234 3296 tuit
1257 3238 1297 3297 ab

131 3345 237 3427 aliquo,
268 3350 324 3422 qui
354 3364 417 3409 non
448 3349 654 3409 intellexerat
686 3349 806 3409 Graece
838 3347 901 3407 dici
929 3363 1024 3422 posse
1049 3346 1120 3406 ὅταν
1143 3344 1298 3433 ἁμαρτάνῃ

131 3460 231 3537 ταύτην
262 3460 316 3539 τὴν
347 3458 500 3540 ἁμαρτίαν.
524 3462 599 3523 Mox
623 3462 749 3523 Bekker
771 3462 859 3522 recte
883 3458 1004 3539 λέγομεν
1032 3457 1169 3538 <μὲν>
1196 3465 1297 3537 requi·

92 3573 222 3638 trabat.
257 3573 275 3654 11
311 3577 424 3640 Stallb.
459 3577 568 3648 (1858)
604 3579 636 3638 et
671 3577 781 3638 Heller
817 3575 900 3647 (Gur.
937 3575 1006 3636 orit.
1044 3591 1074 3649 p.
1112 3577 1141 3645 3)
1176 3575 1246 3634 Vtm
1273 3577 1298 3636 L

132 3683 328 3768 ἒταειττούσνχς
347 3692 522 3766 probarunt
541 3696 616 3762 (αοα
636 3690 735 3753 ceteri
755 3691 867 3766 editt),
886 3691 973 3750 recte
984 3690 1018 3749 ni
1030 3689 1140 3752 fallor:
1156 3690 1297 3751 aorietus

132 3817 266 3882 causam,
297 3820 451 3881 praesens
474 3806 691 3867 conditionem
715 3802 798 3880 (τότε,
821 3801 866 3862 ὅτε
890 3800 1040 3874 ἐπιλείπει)
1065 3804 1195 3865 indicat.
1221 3805 1299 3864 Post

132 3929 225 3987 pauca
258 3920 380 3992 corrige
415 3919 461 3979 sis
496 3917 631 3980 τοιοῦτόν
667 3919 789 3993 <ττ>,
825 3916 886 3978 vid.
919 3916 1005 3978 diota
1037 3918 1077 3977 ad
1109 3919 1171 3977 331
1198 3917 1230 3979 O.
1257 3951 1295 3960 -

132 4029 305 4094 Secundum
331 4047 378 4108 ea,
403 4048 485 4105 quae
506 4033 645 4093 (lobetus
665 4033 696 4091 in
719 4031 781 4091 Mn.
806 4031 891 4091 1860
912 4046 941 4105 p.
965 4031 1095 4092 etl-8
1109 4030 1296 4106 disputavit,

131 4143 176 4204 hic
208 4145 303 4223 νυνδὴ
337 4148 511 4221 legandum
541 4150 601 4208 est.
635 4146 722 4222 Quae
752 4146 886 4205 Photius
919 4145 1061 4220 tradidit,
1091 4160 1129 4204 ea
1152 4159 1171 4202 a
1195 4145 1298 4204 doctis

131 4261 356 4337 grammaticis,
388 4262 501 4334 quales
529 4262 682 4336 Boethus,
707 4260 896 4334 Pausanias,
923 4258 977 4319 alii
1002 4258 1101 4333 fuere,
1126 4259 1299 4317 mutuatus

131 4374 184 4447 est,
218 4375 273 4447 qui
306 4389 367 4435 sua
402 4374 471 4434 viee
505 4373 800 4434 Alexandrinorum
835 4371 935 4446 oopiie
970 4371 1021 4430 usi
1056 4372 1157 4430 erant.
1192 4370 1299 4431 Photii

131 4485 221 4560 igitur
251 4504 348 4564 opera
376 4489 586 4563 perantiquae
617 4487 780 4548 doctrinae
813 4485 966 4558 reliquiae
998 4485 1039 4545 ad
1065 4498 1124 4543 nos
1149 4497 1298 4556 pervene-

130 4603 209 4679 runt,
240 4603 356 4676 quibus
387 4618 451 4662 non
483 4604 606 4662 temere
638 4601 736 4661 fldem
768 4597 1030 4672 abrogara'lioet.
1057 4596 1161 4673 Quum
1186 4599 1298 4658 autem
