3278 5098
860 257 899 317 72

290 448 478 520 Paridisque
495 445 659 506 iudioium.
680 446 750 505 Non
770 461 903 507 necesse
924 448 975 507 est
995 447 1031 505 ut
1051 445 1283 506 existimemus
1295 445 1468 506 Platonem

291 561 392 621 solius
415 560 549 620 Homeri
571 562 703 634 peccate
726 562 759 620 et
782 575 906 620 errores
929 561 1098 621 ostendere
1125 559 1277 636 voluisse,
1302 559 1469 634 cumipse

290 674 324 734 in
346 673 504 749 proximis
527 673 665 734 dixisset
688 669 740 732 ἐάν
763 694 821 744 τις
841 681 885 756 φῇ
905 665 941 732 δι’
965 675 1094 749 Ἀθηνᾶς
1113 693 1142 731 τε
1161 669 1211 731 καὶ
1231 669 1303 742 Διὸς
1315 667 1470 752 γεγονέναι

291 792 325 849 61
359 802 456 863 supra
491 784 557 847 odes
585 780 717 866 Ὁμήρου
749 782 817 846 οὔτε
847 781 963 846 litteo
994 793 1170 862 ποιητοῦ.
1203 785 1253 846 W.
1285 786 1323 846 R.
1349 787 1470 847 Hardie

291 901 405 982 (class.
429 903 508 964 Rev.
536 899 634 979 1890)
659 901 829 962 Platonem
854 901 969 976 cypria
991 902 1177 976 respexisse
1200 901 1386 976 suspicatus
1407 903 1467 975 est,

291 1017 348 1077 sed
377 1016 457 1077 illud
487 1031 618 1078 carmen
646 1011 837 1092 (memoriae
860 1015 953 1089 lapsu
962 1011 990 1092 ’1)
1014 1014 1157 1075 Homero
1181 1015 1380 1089 attribuisse,
1406 1028 1469 1072 non

292 1130 421 1190 Stasino
452 1127 501 1207 (ut
532 1130 629 1203 vulgo
659 1128 706 1206 iit,
731 1130 794 1191 vid.
820 1129 942 1190 Miller.
969 1128 1093 1190 Griech.
1118 1129 1180 1190 lit.
1205 1129 1231 1205 I,
1258 1126 1344 1206 118).
1369 1129 1469 1201 Argu·

293 1245 443 1304 mentum
474 1245 596 1318 autem,
623 1219 686 1316 quo
709 1244 855 1302 maxime
879 1243 1018 1303 adducor
1044 1244 1082 1302 ut
1105 1242 1297 1303 Schneidero
1322 1241 1469 1302 610111]-

295 1357 390 1418 bellio
414 1356 530 1416 soriter
553 1354 720 1429 vulgatam
739 1356 921 1432 opinionem
944 1353 1125 1433 (Θιομαχίαν
1146 1355 1198 1416 hic
1217 1355 1344 1433 respici)
1366 1356 1469 1416 deien-

295 1470 446 1531 dentibus
476 1469 638 1546 adverser,
670 1470 729 1530 hoc
760 1472 828 1530 ent:
861 1469 970 1545 culpat
993 1469 1086 1530 Plato
1109 1445 1288 1529 Homerum
1314 1466 1470 1543 (aliosque
1597 1509 1598 1512 κ

295 1581 420 1661 poetas)
440 1586 524 1658 quod
543 1583 620 1644 deos
639 1585 961 1644 auctoramentum
974 1585 1194 1660 essedixerit;
1215 1586 1250 1644 at
1262 1599 1325 1644 non
1338 1585 1471 1644 deorum
1599 1640 1600 1670 χ

296 1713 403 1774 pugna
426 1697 610 1758 hominibus
633 1697 753 1773 nocuit,
777 1697 834 1758 sed
857 1697 914 1758 ille
938 1713 1033 1772 saepe
1053 1698 1216 1758 celebrata
1235 1698 1369 1758 dearum
1389 1696 1469 1772 rixa,

297 1826 394 1886 quam
415 1812 507 1871 Parin
522 1811 719 1872 diiudicavit.
733 1813 770 1871 In
782 1810 929 1893 θεομαχίγ
941 1811 985 1872 dii
997 1827 1061 1872 non
1073 1811 1232 1886 rixantur,
1245 1811 1303 1871 sed
1316 1811 1471 1886 pugnant,

295 1926 370 2000 ¹vids
406 1940 436 1985 v.
473 1925 514 1984 66
546 1923 656 1996 κτύπος
688 1916 762 2003 ὦρτο
793 1928 875 1984 θεῶν
904 1923 978 2003 ἔριδι
1008 1922 1180 2001 ξυνιόντων,
1210 1942 1240 1986 v.
1271 1926 1333 1984 134
1358 1922 1413 1983 οὐκ
1436 1919 1476 1982 iio

298 2030 378 2116 ἔγωγ’
401 2033 533 2113 ἐθέλοιμι
551 2035 643 2108 θεοὺς
664 2035 737 2116 ἔριδι
757 2036 939 2109 ξυνελάσσαι.
961 2038 995 2098 si
1010 2038 1222 2098 nihilominus
1234 2038 1326 2098 Ρ1810
1337 2037 1473 2098 iliadem

298 2150 452 2227 respexit,
477 2151 591 2224 cuique
611 2151 850 2212 concedendurn
871 2153 1017 2212 osteum
1038 2151 1089 2211 hio
1109 2151 1300 2226 perobscure
1312 2152 1471 2225 etparum

300 2265 450 2325 accurate
472 2263 618 2324 locutum
642 2279 724 2325 esse.
871 2324 874 2329 .

156 2387 220 2447 380
251 2382 281 2450 Α
348 2378 405 2437 Vir
436 2377 550 2438 doctus
580 2377 618 2438 A.
651 2377 738 2438 Platt
770 2378 882 2449 (Closs.
914 2379 993 2440 Rev.
1021 2379 1116 2449 1889)
1142 2379 1239 2439 verba
1262 2375 1293 2437 ἐν
1316 2370 1360 2448 οἷς
1383 2385 1473 2437 ταῦτα

299 2490 334 2550 τὰ
358 2490 475 2570 ἰαμβεῖα
500 2489 592 2551 ένεστι
614 2493 651 2552 ut
671 2491 835 2566 glossema
859 2493 993 2554 delenda
1013 2494 1134 2570 censet,
1155 2492 1241 2553 male
1261 2492 1294 2553 ni
1313 2491 1417 2552 fallor.
1438 2527 1464 2536 -

301 2603 412 2666 stallo.
439 2605 546 2676 (1858)
568 2621 643 2666 oum
668 2607 779 2680 paucis
802 2607 890 2667 codd.
916 2603 1085 2686 ἕξευρητέον
1108 2621 1165 2681 pro
1185 2601 1348 2685 ἐξευρετέον
1367 2605 1472 2679 legere

240 2704 243 2710 ’
301 2718 404 2795 murt,
429 2734 490 2792 quo
512 2735 577 2780 non
602 2735 682 2795 opus
710 2719 780 2781 τοο.
805 2720 929 2782 Potine.
955 2722 1018 2782 nsv
1031 2721 1061 2780 A
1085 2718 1241 2800 προικός,
1262 2721 1337 2782 rore.
1363 2720 1426 2780 osv
1447 2720 1471 2779 Β

301 2829 470 2912 διαιρετέον.
494 2833 638 2907 sequens
662 2835 708 2905 (Β)
733 2831 929 2912 διαμαχητέον
953 2837 1125 2896 servarunt
1154 2835 1210 2895 uni
1229 2836 1292 2895 Ast
1312 2833 1469 2895 Schmelz.

302 2947 432 3021 Oampb.
466 2962 541 3007 cum
572 2947 710 3008 Eusebio
734 2950 767 3009 et
791 2948 1000 3026 Theodoreto,
1024 2951 1129 3009 recte:
1155 2949 1194 3009 ci.
1219 2946 1360 3026 μαχητής,
1382 2969 1471 3025 μαχη-

300 3058 359 3138 τός,
392 3059 550 3139 μαχητικὸς
584 3063 677 3122 iuxta
712 3060 840 3142 εὑρετής,
873 3060 1029 3142 εὑρετικός,
1059 3061 1182 3142 αἱρετός,
1216 3061 1367 3142 αἱρετικός.
1398 3061 1473 3121 Mihi

301 3175 406 3236 forma
428 3172 567 3253 μαχετέον
591 3171 876 3253 (οἰοα1μαχεοτέον,
900 3176 939 3237 ο1.
964 3191 1029 3236 aor.
1054 3171 1233 3253 έμαχέοθην)
1258 3175 1471 3235 recentiorum

302 3304 375 3350 esse
397 3289 532 3365 videtur,
554 3267 753 3363 quamquam
774 3289 880 3364 magis
896 3305 937 3350 ex
958 3288 1106 3363 analogia
1126 3289 1212 3350 facte
1232 3291 1283 3350 est
1304 3288 1472 3350 verborum

302 3402 474 3478 vocalium,
496 3417 579 3475 quae
599 3402 746 3464 vocalem
766 3415 831 3463 non
851 3403 885 3462 in
905 3403 1056 3463 omnibus
1076 3403 1275 3478 temporibus
1286 3403 1473 3478 producunt,

301 3517 341 3577 cf.
374 3513 534 3600 ἐπηνημαι,
564 3514 756 3594 ἐπαινετικός,
785 3513 961 3594 ἐπαινετέος,
990 3512 1161 3594 ἐπαινέτης)
1190 3513 1335 3595 τέθεηιαι,
1357 3514 1474 3588 θετέος;

248 3640 277 3705 Β
301 3626 569 3708 111χημαι,ἓιιτέος;
593 3629 716 3714 ᾓρημοιι,
738 3628 868 3708 αῖρετός;
891 3629 1016 3709 εὕρημα,
1044 3626 1171 3709 εὑρετής.
1196 3623 1215 3712 ΙΙ
1238 3630 1337 3691 Recte
1361 3630 1473 3691 stallo.

301 3743 409 3814 (1858)
442 3743 475 3803 et
505 3744 618 3805 Herm.
651 3758 780 3804 comma
810 3746 883 3818 post
913 3737 972 3802 ἀλλ’
1007 3742 1044 3813 (εἰ
1073 3737 1127 3820 μὲν
1158 3747 1217 3814 κτλ)
1250 3743 1407 3805 delerunt.
1435 3777 1472 3785 -

301 3855 419 3916 Statim
450 3859 525 3931 post
552 3859 592 3918 ad
623 3855 662 3930 ὡς
691 3853 792 3918 ἄθλιοι
816 3857 848 3918 οῖ
867 3854 954 3917 κακοὶ
978 3862 1088 3919 mente
1113 3856 1225 3932 supple
1247 3873 1311 3918 non
1335 3853 1416 3929 ὄντες
1439 3859 1475 3917 ut

299 3969 413 4030 Astius
438 3972 521 4044 (post
543 3967 654 4050 λέγοιεν
679 3971 778 4032 Bekk.
803 3973 836 4032 et
859 3973 921 4031 Ast
944 3986 1074 4032 comma
1098 3971 1311 4042 sustulerunt)
1334 3971 1472 4046 iubebat,

299 4085 357 4144 sed
388 4081 454 4161 εἰσι,
482 4085 558 4158 quia
589 4085 616 4145 si
646 4081 726 4156 ὄντες
751 4087 860 4146 mente
884 4085 1062 4160 suppletur,
1087 4085 1185 4146 verba
1208 4083 1239 4144 oi
1259 4080 1345 4143 ταγοὶ
1368 4098 1473 4144 neces·

300 4199 384 4259 sario
415 4199 596 4260 subiectum
635 4198 718 4259 fiunt
750 4199 838 4260 verbi
868 4195 1049 4276 ἐδεήθησαν,
1080 4198 1164 4271 quod
1196 4198 1367 4280 verborum
1399 4197 1474 4257 ordo

297 4327 361 4371 non
393 4312 482 4373 sinit.
516 4313 549 4374 Si
580 4312 672 4373 Plato
703 4309 743 4384 ὡς
774 4309 901 4384 ι’νθλλοος
933 4310 1002 4385 τοὺς
1033 4311 1145 4384 κακούς
1178 4311 1374 4388 scripsisset,
1398 4326 1473 4372 vere

250 4424 412 4503 (instinc
445 4426 591 4487 dixisset.
618 4417 637 4509 Ι(
661 4426 722 4486 Pro
754 4429 984 4505 μυθολογοῦντα
1014 4426 1128 4486 Astius
1156 4425 1406 4504 μυθολογούμενα
1429 4440 1471 4485 re·

294 4538 451 4615 quirebat,
482 4539 719 4600 Hervverdenus
743 4541 856 4600 autem
880 4540 953 4610 (lin.
981 4540 1076 4611 1883)
1102 4552 1216 4600 vocem
1240 4538 1376 4601 delebat.
1401 4539 1470 4599 Pos-
