3278 5098
845 327 887 390 20

278 515 311 576 ιδ
341 515 449 593 κλέψαι
479 521 596 580 natura
623 517 721 601 λάθρη
752 518 821 579 fieri
853 518 945 594 solet,
977 516 1008 577 τὸ
1032 517 1158 591 πατάξαι
1182 521 1215 580 et
1238 517 1270 578 τὸ
1295 515 1453 599 ἐμποιῆσαι

279 628 370 689 νόσον
393 632 505 692 furtim
529 632 598 693 fieri
622 647 755 693 necesse
780 633 832 693 sit.

135 744 197 802 334
229 741 256 805 Β
323 745 427 820 Quum
452 747 550 807 verba
569 754 655 806 τούτο
675 743 773 824 μέντοι
793 744 890 825 ἔμοιγε
910 746 995 805 δοκεῖ
1010 743 1049 804 ἔτι
1070 746 1252 820 significent
1276 748 1451 822 ,Attamen

277 857 355 919 illud
386 861 490 920 adhuc
521 863 615 921 teneo
643 860 833 934 iustititiam
858 861 941 935 etc”,
962 863 1017 919 uui
1037 875 1104 921 voc.
1126 855 1144 936 ἡ
1166 859 1342 936 δικαιοσύνη
1362 861 1451 921 indu·

277 973 415 1032 cendum
438 975 498 1048 est,
523 974 552 1032 si
573 974 705 1046 vulgata
725 968 848 1047 ὠφελεῖν
870 975 903 1033 et
922 972 1061 1051 βλάπτειν
1081 978 1241 1049 servatur,
1262 976 1337 1048 quia
1357 983 1454 1050 τούτο,

278 1101 341 1146 non
371 1081 390 1162 ἡ
415 1085 591 1162 δικαιοσύνη
616 1087 798 1160 subjectum
823 1087 912 1146 verbi
936 1086 1021 1146 δοκεῖ
1041 1089 1102 1163 est,
1126 1091 1182 1147 uui
1204 1088 1375 1161 legendum
1401 1091 1453 1148 est

279 1216 354 1260 cum
378 1200 463 1260 veno
488 1202 521 1257 Π
541 1195 651 1274 ὠφελεῖ
669 1202 713 1270 (et
731 1198 872 1277 βλάπτει),
894 1215 1092 1273 quamquam
1115 1202 1147 1262 et
1167 1202 1215 1263 sic
1234 1203 1361 1275 egregie
1374 1217 1453 1262 voce

276 1307 304 1388 ἡ·
319 1312 494 1390 δικαιοσύνη
518 1328 626 1374 carere
649 1329 834 1388 possumus.
855 1313 932 1373 Mihi
951 1315 1037 1389 prior
1058 1315 1150 1390 ratio,
1172 1315 1452 1388 quaPolemarcbi

228 1425 253 1494 Ο
276 1428 378 1488 oratio
399 1428 504 1500 magis
523 1428 651 1488 concisa
666 1427 712 1504 fit,
726 1428 841 1502 placet.
866 1418 886 1512 ΙΙ
911 1428 1115 1503 Quamquam
1129 1429 1308 1491 mediocres
1320 1431 1450 1490 tantum

277 1541 402 1602 codices
436 1539 542 1616 φίλους
577 1538 609 1600 δὲ
642 1538 732 1620 λέγεις
770 1533 867 1612 [εἶναι]
903 1539 1028 1620 πότερον
1063 1542 1227 1618 praebent,
1264 1543 1304 1602 iis
1339 1547 1451 1604 tamen

278 1655 565 1730 obtemperandum
597 1671 711 1716 censeo
743 1671 783 1715 ne
811 1655 951 1714 alterum
977 1647 1062 1731 εἶναι,
1084 1656 1168 1728 quod
1192 1671 1269 1716 mox
1294 1657 1452 1734 sequitur,

277 1769 435 1829 absonum
467 1771 520 1830 sit.
550 1770 745 1843 Saepissime
769 1768 904 1828 verbum
928 1765 1021 1847 λέγειν
1046 1770 1093 1838 (ut
1117 1766 1222 1845 φάναι,
1244 1785 1294 1844 ap.
1320 1769 1453 1830 Latinos

281 1885 437 1958 ,dicere”)
468 1899 542 1944 cum
574 1883 760 1943 accusativo
789 1882 858 1941 sine
890 1874 965 1940 εἶναι
996 1883 1203 1958 construitur,
1237 1884 1298 1943 vid.
1328 1900 1379 1945 err.
1403 1900 1452 1958 gr.

226 1986 342 2060 11332
376 1997 413 2072 Ι),
446 1999 509 2056 333
541 1998 578 2057 A.
612 1991 631 2079 ΙΙ
662 1996 733 2056 Par.
765 1996 794 2055 A
824 1995 956 2070 praebet
986 1993 1086 2066 αὐτοῖς
1111 1994 1184 2054 εἰσίν
1208 2000 1274 2070 (pro
1298 1996 1380 2074 εἰσί),
1404 1998 1454 2058 sic

277 2112 360 2171 Bait.
381 2110 503 2170 Wohlr.
526 2109 656 2184 Gampb.
677 2112 779 2183 recte;
805 2125 905 2182 quum
931 2108 1017 2167 enim
1039 2125 1080 2168 ex
1101 2109 1362 2183 inscriptionibus
1375 2111 1451 2181 (vid.

278 2224 405 2284 Massen
432 2224 524 2299 ,Lpa
546 2223 700 2284 Studien”
726 2225 758 2282 et
784 2222 1006 2291 Meisterhans)
1027 2222 1154 2283 Atticos
1174 2245 1192 2279 ν
1213 2224 1453 2296 ephelcusticon

277 2340 352 2397 ante
386 2338 600 2398 consonantes
616 2330 636 2406 ¹)
670 2337 852 2410 promiscue
887 2350 1004 2409 ponere
1035 2335 1148 2394 solitos
1181 2351 1252 2395 esse
1285 2341 1451 2414 appareat,

277 2453 531 2511 consentaneum
566 2453 616 2511 est
650 2451 683 2509 in
713 2449 776 2510 fine
807 2449 938 2523 quidem
969 2449 1151 2509 sententiae
1181 2448 1273 2508 iiiam
1306 2449 1451 2511 litteram

276 2566 394 2639 ubique
416 2580 578 2640 reponere.
599 2566 684 2624 Ante
705 2565 936 2624 consonantem
957 2562 990 2621 in
1011 2560 1180 2622 Olarkiano
1195 2563 1273 2625 iilud
1288 2586 1306 2620 ν
1319 2565 1452 2639 saepius

275 2680 413 2739 occurrit
442 2695 540 2752 quam
571 2680 605 2738 in
636 2679 736 2738 Paris.
770 2678 808 2753 A,
840 2677 1008 2752 praecipue
1040 2675 1074 2733 in
1095 2690 1173 2735 voce
1198 2674 1275 2735 ἐστίν
1299 2680 1362 2750 (hic
1385 2679 1452 2739 iilic

275 2787 334 2850 ἔσθ’
368 2792 488 2851 librarii
520 2794 642 2852 temere
674 2792 707 2850 in
739 2787 816 2849 ἐστὶν
843 2792 1034 2858 mutavere).
1063 2822 1101 2831 -
1126 2789 1200 2849 Mox
1225 2792 1450 2866 corrigendum

275 2906 411 2965 arbitror
445 2903 619 2964 τούναντίον
649 2900 669 2982 ἢ
703 2900 826 2977 <ὡς>
859 2901 910 2961 τὸν
941 2904 1012 2977 Σιμ.
1047 2935 1086 2944 -
1119 2903 1164 2978 id,
1198 2905 1282 2976 quod
1306 2905 1451 2965 nonnulli

275 3019 400 3079 codices
434 3016 485 3077 τὸν
520 3017 609 3093 φίλον
639 3014 689 3076 καὶ
723 3015 856 3090 <τδν>
892 3011 1000 3094 ἐχθρὸν
1031 3009 1144 3072 θέσθαι
1175 3019 1339 3095 praebent,
1370 3018 1452 3079 mihi

275 3133 474 3206 probandum
498 3132 634 3208 videtur,
656 3132 732 3205 quia
750 3132 901 3192 articulus
919 3133 954 3191 iu
973 3133 1021 3208 iis,
1044 3149 1123 3206 quoa
1142 3133 1224 3192 iuter
1242 3148 1272 3192 se
1292 3133 1452 3194 contrariu

275 3247 355 3317 (dico
387 3247 557 3322 contraria,
590 3263 653 3307 non
678 3247 816 3317 diversa)
840 3251 922 3323 suut,
948 3248 1034 3322 apuu
1057 3247 1217 3307 Plutonem
1239 3247 1349 3308 iteruri
1370 3249 1450 3325 soler,

274 3360 377 3434 sipia
399 3355 463 3418 καὶ
485 3360 566 3420 iuter
588 3377 618 3420 se
642 3361 837 3435 copulantur.
862 3361 951 3421 Licet
976 3362 1062 3421 enim
1085 3357 1451 3441 δ1οοοοπερ1τδύρτιύν

274 3493 304 3532 τε
334 3470 384 3531 καὶ
413 3470 547 3551 περιττὸν
574 3476 632 3534 aut
657 3471 690 3533 τὸ
717 3471 851 3552 περιττὸν
879 3471 929 3532 καὶ
952 3471 984 3532 τὸ
1012 3470 1123 3552 ἄρτιον,
1151 3471 1186 3532 τὰ
1214 3473 1315 3532 δίκαια
1343 3472 1452 3534 καὶτὰ

274 3583 362 3646 ἄδικοι
394 3589 451 3648 aut
481 3584 547 3666 περὶ
577 3585 609 3646 τὸ
642 3585 758 3647 δίκαιόν
789 3608 818 3645 τε
848 3584 898 3646 καὶ
930 3583 1035 3646 ἄδικον
1061 3588 1222 3662 (exempla
1245 3603 1286 3648 ex
1312 3589 1460 3675 Gorgia),-

274 3705 334 3772 τοῖς
357 3701 455 3775 φίλοις
477 3722 506 3760 τε
530 3699 579 3760 καὶ
603 3698 720 3778 ἐχθροῖς
745 3701 832 3775 (Rep.
859 3700 922 3761 332
948 3700 994 3775 D),
1019 3708 1071 3759 τοῦ
1094 3693 1172 3759 εἷναί
1191 3722 1219 3758 τε
1240 3699 1290 3759 καὶ
1310 3699 1350 3779 μὴ
1372 3695 1449 3761 εἶναι

275 3815 374 3889 (Βορ.)
394 3816 508 3875 eodem
532 3815 627 3874 modo
651 3830 714 3887 quo
739 3815 902 3889 derebus,
923 3829 1005 3888 quae
1026 3815 1111 3874 inter
1130 3830 1166 3874 se
1187 3816 1366 3876 contrariae
1387 3831 1450 3876 non

276 3931 363 4004 sunt,
387 3929 536 3988 bifariam
559 3929 636 3988 licet
652 3928 760 3988 ,dicere
780 3924 828 3985 ἐπὶ
847 3925 879 3986 τὸ
899 3923 1013 4005 βέλτιόν
1032 3949 1061 3986 τε
1081 3925 1132 3985 καὶ
1151 3926 1271 3987 κάλλιον
1292 3929 1379 3999 (licet
1398 3930 1450 3990 hic

276 4063 305 4102 τε
328 4043 490 4111 omittere)
516 4075 555 4084 -
580 4037 600 4118 ii
624 4037 672 4100 ἐπὶ
695 4039 726 4100 τὸ
750 4045 847 4119 χεῖρον
870 4037 920 4099 καὶ
943 4038 975 4100 τὸ
995 4039 1111 4118 αἴσχιον
1131 4041 1217 4114 (Rep.
1242 4041 1304 4101 381
1325 4042 1371 4112 B).
1392 4042 1452 4102 Est

277 4158 309 4216 et
339 4157 436 4216 tertia
462 4155 495 4214 in
519 4155 639 4215 talibus
663 4155 893 4228 coniungendis
917 4154 1009 4230 ratic,
1034 4154 1106 4214 vide
1131 4169 1181 4214 ex.
1206 4169 1251 4227 gr.
1276 4155 1320 4226 (in
1345 4155 1450 4228 Gorg.)

277 4265 343 4345 περὶ
373 4267 405 4328 τὸ
433 4265 534 4347 ὅρκιόν
557 4265 658 4328 τεκαὶ
681 4266 713 4327 τὸ
733 4264 867 4346 περιττὸν
893 4269 944 4328 vei
968 4268 1073 4340 (Gorg.
1099 4268 1163 4329 498
1178 4267 1210 4339 Ο)
1236 4267 1268 4327 οἱ
1286 4265 1401 4347 ἀγαθοί
1420 4290 1450 4328 τε

275 4379 325 4441 καὶ
360 4381 391 4441 οἱ
421 4379 508 4441 κακοὶ
538 4383 643 4453 (iuxta
673 4380 705 4441 οἱ
731 4379 843 4460 ἀγαθοὶ
873 4379 923 4441 καὶ
953 4380 985 4441 οἱ
1004 4381 1093 4440 κακοί
1113 4381 1200 4451 ibid.)
1225 4383 1258 4441 et
1282 4383 1330 4452 (de
1353 4382 1450 4443 rebus

276 4533 494 4543 ..——-—.

310 4625 327 4689 ¹)
345 4631 374 4675 In
394 4627 538 4675 Phaedonis
555 4628 644 4685 fragm.
661 4629 801 4675 identidem
820 4648 832 4675 ν
850 4632 908 4676 ante
926 4642 1028 4676 consen.
1047 4633 1178 4690 repertum
1196 4633 1243 4677 eet.
