3260 5098
710 350 771 410 148

87 531 124 596 I)
155 534 325 610 ,profecte
357 535 385 594 si
408 536 491 596 etc.”
520 526 538 619 Η
563 536 632 595 vam
656 536 681 595 L
705 526 792 594 οὗτοι
816 531 875 611 (sio
899 536 961 596 Ast
983 536 1063 598 Bkk.
1090 538 1201 599 Stallb.
1229 537 1326 618 1858)

147 662 209 732 pro
242 645 328 707 αὐτοὶ
361 652 508 710 recentes
544 650 633 711 editt.
670 651 704 710 et
737 649 847 710 Heller
881 646 966 728 (Gur.
999 651 1070 712 crit.
1101 666 1131 725 p.
1164 653 1216 723 25)
1241 655 1346 714 recte·

150 761 340 823 reiecerunt.
366 795 406 806 -
431 764 530 824 Recte
558 764 651 825 (ison
674 779 786 825 vocem
810 762 924 834 τίτθαις
949 765 1046 825 vertit
1073 764 1140 842 ,les
1163 767 1329 828 nourrices

150 877 400 938 mercenaires.”
435 878 578 939 Interdiu
612 879 711 952 igitur
746 879 835 952 ipsae
874 876 1035 954 φυλακίδες
1065 880 1261 958 nutriebant,
1295 883 1330 942 at
1413 888 1416 893 “

151 991 249 1051 noctu
277 988 399 1052 τίτθαι1
430 991 480 1051 An
510 995 587 1052 sunt
617 993 648 1052 h.
680 992 701 1052 l.
732 989 831 1050 τίτθαι
862 1007 926 1051 non
957 991 1105 1053 diversae
1138 992 1331 1072 οττθήνοις,

152 1104 218 1164 licet
235 1104 300 1164 otio
317 1104 489 1166 scholiastes
502 1105 702 1180 peroptata
720 1105 753 1165 si
773 1105 933 1166 nescirem
952 1104 1095 1166 infantes
1115 1107 1217 1167 etiam
1232 1111 1330 1170 noctu

153 1218 342 1279 nutriendos
376 1235 458 1296 esse,
492 1219 629 1281 libenter
663 1220 856 1292 corrigerem
891 1216 1030 1295 τιθήνοες
1069 1240 1098 1278 τε
1129 1217 1180 1279 κο)
1209 1226 1331 1300 τροφοῖς

153 1331 225 1392 coll.
257 1333 339 1393 lim.
372 1333 413 1392 88
438 1334 464 1392 Ι)
486 1332 616 1412 τιθήνην
639 1355 669 1393 τε
691 1329 742 1392 καὶ
765 1330 887 1411 τροφόν.
913 1365 953 1376 -
978 1333 1160 1394 Paucorum
1185 1335 1274 1396 codd.
1299 1337 1332 1396 et

156 1446 285 1507 Stobaei
319 1447 391 1508 lect.
424 1445 622 1527 προύθέμεθα
652 1447 738 1522 prob.
774 1444 1010 1525 selibrisne),
1043 1446 1179 1524 Madvig,
1212 1449 1331 1526 Baiter,

157 1559 300 1636 Oampb,
331 1561 523 1622 rectissime.
555 1562 606 1622 Ad
637 1559 855 1621 adverbialem
887 1559 1085 1620 locutionem
1116 1556 1200 1620 τὸδ’
1227 1559 1333 1642 ἐφεξῆς

1 1691 2 1780 γ
99 1673 129 1738 E
156 1673 195 1735 cf.
226 1671 259 1733 τὸ
290 1669 361 1750 μετὰ
391 1681 488 1752 τοῦτο,
514 1673 546 1735 τό
570 1673 708 1751 notatos,
730 1671 879 1753 τάρχαῖον,
902 1673 976 1734 alia.
1002 1665 1021 1755 ΙΙ
1047 1675 1259 1737 Scribendum
1283 1678 1334 1737 est

156 1786 340 1866 εἰκοσετίδος,
358 1788 676 1868 τετταρακοντοντίδος,
695 1796 1114 1866 πεντεκαιπεντηκοντοντοῦς,
1130 1790 1169 1850 cf.
1183 1805 1233 1864 ap.
1246 1790 1333 1851 Aris·

156 1903 243 1978 toph.
267 1903 407 1964 Acharn.
431 1902 501 1964 init.
523 1907 676 1980 κεντετεῐς,
696 1902 829 1979 δεκετεῖς,
848 1901 1109 1981 τριακοντοατίδες,
1127 1904 1205 1979 Rep.
1227 1907 1291 1966 539
1304 1906 1334 1964 A

157 2023 399 2096 τριακοντουτεῖς,
433 2019 498 2080 540
532 2019 560 2079 A
590 2025 861 2095 πεντηκοντουτῶν,
892 2018 956 2077 540
987 2017 1012 2076 Ε
1044 2016 1178 2096 δεκετῶν,
1209 2022 1273 2080 615
1305 2021 1334 2080 Α

157 2137 274 2212 χιλιετῆ,
304 2137 399 2210 Legg.
434 2136 497 2197 789
523 2133 548 2193 11
572 2129 686 2211 τριετὲς,
707 2132 772 2191 809
796 2131 821 2190 Ε
846 2130 962 2206 δεκετεῖ,
985 2131 1049 2192 alia
1072 2132 1105 2192 id
1127 2138 1240 2206 genus.
1265 2133 1335 2194 Edi-

158 2249 267 2308 torum
285 2250 337 2310 his
355 2251 389 2311 in
409 2247 577 2323 scripturis
596 2245 814 2307 inconstantia
832 2245 977 2304 maxime
995 2245 1215 2320 vituperanda.
1229 2246 1335 2308 Verba
1437 2323 1439 2328 Ι

159 2357 303 2441 ὀξυτάτην
327 2361 440 2443 δρόμου
460 2359 559 2440 ἀκμὴν
582 2377 600 2423 e
619 2361 715 2435 poeta
734 2359 840 2433 aliquo
860 2360 962 2435 petita
983 2359 1094 2421 stallo.
1116 2362 1150 2420 et
1169 2362 1334 2422 Herwerd.
1445 2438 1452 2455 υ

160 2472 235 2552 (Mn.
262 2474 359 2555 1883)
383 2477 526 2538 censent.

10 2592 68 2652 461
100 2584 135 2653 Α
202 2592 231 2654 J.
255 2591 387 2654 Richter
410 2589 528 2670 (Fleclr.
552 2590 622 2651 Jbb.
650 2589 746 2666 1867,
771 2588 822 2649 bd.
839 2587 893 2659 15)
918 2587 956 2648 ci.
982 2586 1099 2648 δίκαιον
1122 2586 1268 2667 φήσομεν,
1287 2586 1336 2648 ἅττ’

159 2701 366 2800 ἁμαρτήματος
398 2705 493 2766 τταῖὃα
516 2703 675 2782 φιτύοντος
698 2712 734 2787 τῇ
757 2700 841 2762 πόλει
863 2705 923 2780 κτλ,
946 2703 982 2763 at
1004 2703 1137 2777 vulgata
1161 2703 1337 2764 sanissima

159 2821 219 2882 est.
255 2822 317 2882 Pro
351 2818 523 2901 γεννήσεται
555 2835 572 2880 e
602 2818 715 2894 paucis
746 2817 835 2879 codd.
872 2818 935 2877 Ast
957 2811 978 2887 ¹)
1011 2817 1111 2878 Beklr.
1137 2817 1248 2878 Stallb.
1275 2813 1335 2894 (ed.

159 2935 263 3006 Goth.)
282 2934 435 3015 γενήσεται
449 2935 650 3010 receperunt,
671 2931 796 2994 scilicet
808 2947 849 2992 ne
861 2932 935 3006 post
946 2929 1119 3010 γεννήσεται
1130 2931 1336 3006 participium

158 3048 218 3126 φύς
253 3045 285 3128 (i.
311 3067 338 3111 e.
370 3050 463 3110 satus
477 3041 509 3119 ²))
544 3046 681 3108 absurde
717 3046 904 3122 abundaret,
937 3045 1057 3122 optimc,
1090 3047 1147 3107 sed
1170 3047 1339 3121 praeterea

159 3160 287 3244 γεγονὼς
316 3164 351 3223 in
377 3164 395 3233 5
417 3164 443 3224 B
466 3163 509 3224 in.
533 3160 755 3236 interpolatori
779 3161 988 3236 reddendum,
1012 3160 1088 3234 quia
1110 3175 1338 3234 praegressum

161 3276 221 3354 φὺς
244 3279 311 3338 iam
334 3275 456 3338 sufficit
477 3292 537 3338 nec
558 3272 687 3354 γεγονώς
710 3274 797 3334 idem
820 3288 857 3334 ac
884 3274 1017 3350 „satus”
1042 3267 1223 3346 significare
1244 3289 1339 3348 posse

104 3387 138 3454 B
160 3407 276 3454 censeo
311 3387 363 3470 (ci.
396 3392 459 3452 461
491 3391 517 3450 D
547 3384 711 3469 γεγονότα).
737 3378 756 3471 ΙΙ
780 3378 859 3448 Veni
888 3383 916 3451 Ξ
943 3388 976 3448 et
1007 3387 1137 3447 Eusebii
1161 3387 1235 3449 lect.
1258 3380 1278 3471 γ)
1302 3383 1340 3446 dv

162 3503 285 3566 ἐθέλωσι
307 3506 394 3582 prob.
419 3505 482 3566 Ast
504 3504 585 3564 Bklr.
610 3502 785 3573 Stallbded.
812 3497 929 3579 (10111),
954 3501 1045 3577 τοοκ,
1073 3500 1149 3574 quia
1169 3498 1280 3572 αὐτοὺς
1300 3502 1340 3562 ad

162 3623 337 3695 utrumque
360 3635 479 3681 sexum
503 3619 615 3680 referri
633 3632 693 3678 nec
712 3615 771 3676 tali
790 3614 1046 3688 breviloquentia
1067 3616 1151 3689 apud
1170 3615 1340 3675 Platonem

163 3751 223 3797 nos
252 3734 371 3798 offendi
402 3734 529 3809 oportet
559 3726 594 3816 (ᾧ
626 3733 679 3794 est
708 3733 808 3792 neutr.
840 3728 971 3805 penam,
1003 3729 1043 3790 cf.
1068 3722 1341 3797 indultori&

115 3845 141 3914 0
163 3847 260 3927 νυνδὴ
284 3847 398 3930 ἔλεγες).
423 3839 443 3932 ΙΙ
464 3848 563 3909 Recte
581 3846 696 3908 Aetius
716 3861 733 3906 e
754 3843 974 3920 compluribus
994 3839 1343 3923 οοᾱο.<το1ς>γονοιῖ-

162 3987 217 4037 κας
239 3965 370 4040 recepit.
393 3965 464 4025 Non
487 3977 620 4024 necesse
643 3962 696 4022 est
716 3975 773 4036 pro
797 3955 845 4018 ἐττὶ
863 3955 896 4017 τὸ
915 3955 993 4017 κάτω
1013 3958 1123 4032 reponi
1142 3955 1184 4029 εἰς
1204 3954 1236 4016 τὸ
1255 3954 1343 4034 κάτω,

164 4079 272 4141 confer
302 4078 390 4140 enim
419 4066 533 4140 locum'
559 4092 576 4137 e
606 4075 750 4136 Phaedro
781 4072 836 4145 εἰς
859 4071 896 4132 tv
918 4063 1341 4147 νο)ἐττ1ττο11ο“ιττεφοκόθ’

165 4189 247 4273 ὁρᾶν.
266 4225 310 4236 -
330 4192 460 4264 Eusebii
490 4193 525 4252 et
546 4189 737 4252 Theodoreti
759 4188 933 4250 lectionem
956 4183 996 4264 μὴ
1019 4183 1061 4256 εἰς
1085 4194 1150 4262 φῶς
1175 4188 1242 4260 (pro
1266 4177 1339 4262 μηδ’

164 4305 205 4379 εἰς
235 4305 313 4387 φῶς)
345 4307 467 4382 optimo
497 4305 566 4366 iure
597 4304 711 4365 Aetius
739 4303 904 4379 probabat,
928 4316 1004 4363 cum
1029 4302 1102 4374 post
1125 4297 1248 4375 μάλιστα
1272 4314 1343 4360 con·

198 4587 219 4657 ¹)
236 4591 285 4650 Qui
300 4605 379 4654 prave
396 4592 474 4642 vertit
489 4595 554 4655 λάθῃ
574 4589 695 4650 ,lateat”,
713 4587 839 4638 debuerat
858 4585 927 4635 enim
948 4586 986 4641 „si
1006 4577 1135 4632 latuerit.'’

200 4668 221 4736 2)
239 4673 278 4721 Oi.
296 4686 389 4722 nomen
408 4677 429 4722 oi
444 4676 565 4736 φύσαντος,
584 4685 636 4730 quo
654 4671 723 4731 apud
741 4672 832 4730 poetas
851 4669 972 4731 parentes
989 4664 1111 4725 gaudent.
