3278 5098
899 317 940 382 62

191 521 255 583 372
282 513 314 583 Α
381 507 449 569 vam
470 509 494 570 L
514 519 630 589 πρῶτον
654 504 778 586 <μὲν>
803 499 858 568 οὖν
879 509 965 569 recte
986 507 1100 569 Aetius
1119 507 1234 568 tenuit.
1253 507 1324 569 Per.
1346 508 1385 568 Αῐ
1399 507 1505 569 exhib.

283 624 544 702 Βδιαιτήσωνιοι
574 628 641 700 (pro
672 623 753 698 fot),
785 623 870 683 sicut
899 621 1032 684 vindob.
1065 622 1101 682 D.
1133 612 1153 704 ΙΙ
1184 623 1222 682 In
1253 622 1320 682 cod.
1346 621 1506 683 Melateet.

336 739 396 800 hoc
419 737 562 799 scholion
585 737 704 812 legitur

625 855 740 929 κραδῶν
763 845 953 936 ἄλφιταχ
1049 845 1198 925 πέψαντες

625 973 729 1042 κυρῶν
760 961 870 1042 ἄλευρα
873 845 1196 1044 Audiam·

379 1081 457 1140 Post
480 1077 622 1155 μάξαντες
645 1078 735 1138 editt.
759 1078 910 1151 interrog.
935 1077 1065 1150 signum
1089 1076 1255 1153 omittunt,
1276 1077 1360 1150 quod
1379 1075 1507 1153 probari
1581 1097 1584 1104 ¹

335 1196 443 1270 potest
473 1193 568 1254 modo
598 1207 625 1253 c.
657 1191 819 1265 Stephano
850 1193 883 1252 et
912 1191 1006 1252 Aetio
1037 1188 1087 1249 καὶ
1118 1193 1193 1251 ante
1217 1189 1506 1268 μάζαςδσσατωδατ,

336 1308 413 1381 quia
441 1302 608 1385 θρέψονται
634 1306 674 1366 de
699 1305 786 1366 victu
809 1305 994 1385 quotidiano
1018 1305 1141 1366 dictum
1165 1308 1225 1380 est,
1250 1307 1285 1365 at
1307 1303 1507 1384 εὐωχήσονται

337 1423 376 1482 de
406 1420 519 1481 diebus
549 1419 642 1480 iestis
672 1415 919 1496 (ἐστεφανωμένοι
949 1415 999 1478 καὶ
1029 1415 1214 1496 ὑμνοῦντες).
1243 1417 1323 1480 Cum
1347 1418 1395 1479 illi
1419 1421 1507 1480 cives

337 1549 399 1594 non
421 1534 537 1595 cotidie
556 1531 648 1610 μάζας
666 1531 806 1612 γενναίας
826 1532 913 1593 esuri
932 1532 1008 1608 sini,
1029 1531 1234 1607 participium
1249 1531 1508 1610 παραβαλλόμενοι

337 1663 411 1710 curn
443 1644 609 1726 θρέψονται
639 1646 788 1720 coniungi
819 1647 941 1721 nequit,
972 1647 1081 1718 itaque
1110 1646 1150 1707 de
1182 1646 1339 1719 asyndeto
1365 1647 1507 1720 cogitare

336 1775 399 1822 non
430 1775 615 1836 possumus.
640 1760 723 1821 Malo
743 1762 854 1820 autern
875 1775 949 1820 cum
971 1749 1183 1820 Stellbaumio
1203 1760 1354 1833 interrog.
1375 1760 1506 1834 signum

336 1890 466 1936 servare
496 1889 594 1948 quam
626 1872 675 1932 καὶ
702 1875 853 1948 inserere,
879 1873 940 1934 etsi
964 1873 1118 1934 facillime
1142 1873 1299 1947 corrigere
1322 1874 1429 1948 possis
1454 1873 1508 1950 μά-

230 1976 243 2011 ·.
336 1988 436 2060 ξαντες
468 1987 559 2064 μάζας
596 1989 722 2064 <ΤΕ>
758 1986 919 2057 ΓΕνναίας
948 1987 998 2058 (cf.
1023 1987 1119 2061 Legg.
1144 1987 1256 2047 9041)
1279 1981 1401 2046 κάλλιστ’
1431 1980 1508 2058 εἶπες

336 2109 467 2178 ποιῶμεν
496 2123 526 2160 τε
556 2097 596 2172 ὡς
619 2098 721 2180 λέγεις,
742 2101 820 2176 Rep.
845 2099 946 2161 4580
970 2099 1004 2161 οἵ
1021 2121 1050 2159 τε
1073 2098 1188 2171 τούτοις
1212 2097 1373 2178 ἐπίκουροι,
1396 2101 1508 2162 3651)
1612 2099 1613 2106 '

336 2213 406 2290 ult,
439 2214 542 2275 3631)
565 2214 635 2290 ult„
659 2214 744 2283 alio).
769 2213 843 2274 Mox
866 2214 973 2274 Naber
996 2213 1068 2284 (Mn.
1096 2214 1180 2274 1877
1203 2229 1233 2288 p.
1260 2214 1333 2284 208)
1360 2213 1425 2273 sibi
1448 2214 1507 2274 ole
1612 2201 1613 2212 ’

337 2329 469 2403 gentem
494 2327 677 2388 chinemum
697 2341 844 2402 promere
868 2327 959 2387 visus
983 2329 1034 2387 est
1054 2326 1254 2388 emendando
1278 2324 1505 2405 <ήοιταροδς>

337 2439 444 2520 ἀρτοος
474 2441 557 2512 (coli.
591 2440 700 2525 Polyb.
733 2441 784 2501 37.
818 2443 847 2502 3.
884 2441 946 2514 12),
977 2455 1060 2513 quse
1091 2434 1124 2500 αΕ
1146 2441 1227 2501 mihi
1251 2440 1409 2516 displicet,
1433 2441 1510 2514 quis

337 2556 497 2629 adjective
514 2558 650 2633 γενναῖος
671 2556 703 2614 et
723 2552 854 2633 ήοιτορδς
874 2568 989 2628 perum
1001 2556 1087 2614 reete
1101 2554 1243 2628 copulari
1254 2556 1391 2629 possunt
1403 2569 1508 2628 neque

336 2669 494 2729 eiusmodi
517 2683 617 2743 panes
640 2668 752 2729 diebus
771 2668 866 2728 festis
885 2668 1001 2742 apponi
1028 2667 1142 2728 solent.
1164 2667 1292 2741 Siquid
1312 2668 1508 2728 muraneum

250 2769 252 2774 Ι
337 2783 391 2860 sii,
418 2782 532 2842 malim
551 2778 602 2840 not
625 2778 853 2858 <γενναίονς>
878 2780 930 2840 vel
949 2777 1000 2838 neri
1015 2777 1220 2857 <ἀμύλονς>
1247 2775 1308 2858 ἄρα
1329 2780 1381 2841 vel
1400 2779 1509 2841 simile
1611 2833 1612 2852 ,

290 2896 423 2969 cquid.
455 2887 475 2978 ΙΙ
506 2894 605 2955 Recte
635 2894 734 2955 Beklr.
766 2893 837 2954 Ast.
870 2893 1015 2954 Schneid.
1038 2895 1112 2967 post
1136 2887 1215 2968 δψον
1238 2888 1355 2964 ἔξαρσιν
1378 2907 1510 2954 comme

336 3009 466 3068 tantum
497 3009 683 3082 posuerunt,
715 3008 791 3080 quia
825 3007 866 3068 ad
897 3004 970 3077 ἀῖας
1001 3008 1034 3067 et
1065 3003 1155 3084 τορὸν
1185 3009 1296 3068 mente
1327 3002 1427 3077 ἕξουσι
1458 3006 1508 3066 cd·

338 3121 476 3183 cendum
509 3122 569 3182 est.
603 3121 700 3181 Porro
731 3120 953 3194 corrigendum
985 3122 1036 3180 est
1058 3117 1109 3179 καὶ
1131 3118 1244 3198 λάχανα
1268 3116 1318 3179 καὶ
1340 3111 1389 3179 οἷα
1414 3117 1454 3196 δή
1478 3115 1509 3178 ἐν

337 3233 438 3315 ἀγροῖς
468 3231 605 3312 ἑψήματα
637 3231 834 3311 [ἑψήσονται].
867 3234 938 3294 Non
968 3235 1038 3294 erat
1069 3249 1127 3294 cur
1156 3232 1248 3294 Plato
1272 3233 1377 3294 forme
1400 3233 1510 3294 medic

337 3350 492 3424 uteretur,
516 3348 601 3409 siout
624 3348 738 3408 stetim
763 3346 1026 3424 postmortem,
1049 3361 1113 3408 non
1132 3347 1326 3407 σιτοδιοάνται
1345 3347 1390 3417 (in
1409 3361 1509 3406 suum

333 3477 431 3523 usum
461 3464 592 3544 torrere)
624 3459 762 3536 scripsit.
792 3461 853 3521 Per
876 3456 1013 3536 ἑψήματα
1037 3453 1086 3520 οἷα
1110 3457 1141 3520 ἐν
1166 3457 1267 3540 ἀγροῖς
1291 3457 1369 3520 ἐστιν
1392 3460 1510 3521 intelli·
1610 3527 1611 3530 Ἴ

332 3577 437 3651 gendc
471 3577 548 3636 sunt
580 3572 616 3633 τά
645 3570 732 3652 ἀγριο
764 3571 912 3650 ἑψήματα,
942 3574 981 3635 dc
1012 3575 1130 3647 quibus
1160 3575 1224 3635 vid.
1256 3575 1374 3635 Athen.
1405 3575 1439 3634 H
1468 3575 1510 3634 57
1610 3565 1611 3586 ³

336 3693 463 3766 Διοιῖής
487 3685 694 3770 διΚαράσιιος
718 3690 778 3748 κτλ.
804 3722 843 3730 -
869 3687 943 3748 Mox
966 3687 1104 3748 emenda
1123 3695 1182 3746 τῶν
1200 3707 1233 3767 με
1252 3695 1320 3762 (pro
1338 3690 1379 3757 τε)
1398 3687 1512 3763 σύκων,

335 3805 409 3878 post
431 3823 490 3861 ττοο
515 3801 700 3862 sexcenties
722 3821 754 3880 με
778 3801 940 3862 inseritur.
965 3802 1036 3862 Par.
1061 3803 1090 3862 A
1114 3800 1224 3878 σύκων,
1245 3817 1309 3862 non
1333 3809 1434 3860 συκῶν
1459 3817 1510 3864 ex·

286 3917 314 3982 lc
337 3917 435 3977 hibet.
460 3907 480 3998 ΙΙ
505 3912 585 3976 (ium
605 3913 717 3990 paucis
738 3915 826 3976 codd.
848 3912 1038 3989 corrigeret
1063 3913 1188 3991 <τήν>
1213 3912 1342 3992 ἀδικίαν,
1352 3915 1392 3976 cf.
1407 3915 1511 3977 371n

336 4028 356 4107 ἥ
375 4049 405 4089 τε
424 4029 480 4089 δικ.
500 4024 550 4088 καὶ
568 4023 588 4104 ἡ
610 4025 711 4088 ἀδικία
733 4030 766 4090 ei
785 4028 872 4090 dicia
892 4028 933 4089 ad
952 4027 1015 4089 334
1028 4029 1062 4090 Ε.
1085 4029 1185 4090 Paulo
1205 4030 1279 4104 posi
1299 4029 1379 4098 (coli.
1402 4027 1511 4091 369A

335 4141 362 4202 εἰ
380 4133 436 4202 οάν
450 4141 675 4220 βούλεσθον...
698 4139 877 4218 ζητήσωμεν)
897 4141 1054 4202 Richards
1076 4140 1188 4212 (class,
1209 4141 1510 4213 Rev.1893)inter·

335 4257 451 4332 punxit
481 4254 508 4316 εἰ
537 4249 567 4314 δ’
602 4246 641 4316 αὖ
672 4254 819 4333 βούλεσθε
854 4255 933 4331 <,>
968 4252 1019 4315 καὶ
1048 4259 1097 4331 φλ.
1129 4275 1159 4314 rr.
1186 4253 1395 4334 θεωρήσωμεν·
1419 4251 1510 4316 οὐδὲν
1609 4303 1610 4308 ,

335 4366 512 4446 ἀποκωλύει,
530 4368 668 4430 fortasse
688 4369 785 4444 recte,
806 4369 882 4442 quia
901 4368 937 4428 to
955 4369 1098 4445 rogando
1116 4371 1247 4430 tantum
1258 4368 1360 4448 βούλει
1371 4383 1398 4430 e.
1412 4365 1510 4439 θέλεις

336 4498 363 4544 c.
389 4484 469 4544 coni.
491 4497 556 4544 aor.
577 4482 728 4557 coniungi
746 4481 839 4542 solet.
861 4482 932 4544 Per.
956 4475 1007 4544 ΑΠ
1027 4499 1090 4545 sec.
1113 4482 1244 4558 campo.
1268 4483 1377 4558 „point
1396 4483 1509 4544 erased

339 4594 423 4654 after
444 4582 591 4672 βούλεσθε
614 4596 695 4656 and:
720 4590 810 4654 οὐδὲν
834 4592 1017 4657 enormiora:
1043 4609 1080 4656 as
1103 4596 1307 4658 Glaucon’s.”
