3278 5098
789 323 828 384 21

208 510 302 570 inter
332 525 367 570 se
398 525 462 569 nott
485 507 666 578 contrariis)
690 506 722 566 τὸ
747 506 904 584 δαιμόνιόν
927 505 1028 567 τεκαὶ
1051 507 1083 568 τὸ
1106 512 1193 568 θεῖον
1217 510 1316 584 (Rep.)
1340 511 1393 572 vel

210 619 232 681 ὁ
257 619 369 681 ἀδικῶν
392 643 421 680 νε
444 619 494 680 καὶ
518 617 534 679 ὁ
558 617 660 692 ἄδικός
685 618 813 698 (Gorg).
838 622 1009 682 Postrema
1032 623 1157 682 ratione
1180 637 1277 697 saepe
1298 624 1393 684 Hero-

212 736 315 796 dotus
345 749 426 795 usus
453 736 513 811 est,
538 735 577 795 ci.
603 750 653 796 ex.
679 749 725 808 gr.
749 735 797 794 III
824 736 863 795 16
888 735 958 810 ult,
985 735 1057 795 109.
1089 737 1121 794 ΙΙ
1148 737 1220 811 115,
1247 737 1320 812 154,
1344 737 1394 797 vel

215 849 253 908 in
277 847 462 908 nominibus
484 847 708 908 numeralibus
731 847 903 907 afferendis
928 864 957 908 v.
975 863 1001 908 c.
1024 840 1064 919 εἷς
1082 869 1111 908 τε
1130 845 1179 906 καὶ
1202 847 1384 924 πεντήκοντα

217 961 342 1038 Quarta
378 961 514 1035 denique
549 960 830 1022 substantivorum
862 961 1113 1036 copulandorum
1144 962 1226 1021 ratio
1261 976 1301 1021 ea
1334 964 1395 1037 est,

215 1090 284 1148 qua
315 1075 394 1135 coni.
428 1095 457 1133 τε
490 1074 605 1135 statim
637 1077 711 1149 post
742 1073 917 1135 articulum
940 1075 1085 1148 ponitur;
1118 1074 1322 1135 conferantur
1345 1089 1395 1149 ap.

216 1190 302 1250 Plat.
335 1190 414 1250 haec
444 1189 520 1260 (alia
549 1203 590 1249 ex
620 1188 694 1248 aliis
725 1188 861 1262 dialogis
892 1188 1075 1263 desumpta)
1107 1189 1274 1263 exempla:
1308 1186 1340 1247 τό
1367 1208 1397 1247 τε

217 1299 322 1380 ύρτιον
351 1298 402 1360 καὶ
433 1299 465 1361 τὸ
495 1299 640 1381 περιττόν,
668 1300 738 1372 τούς
769 1322 799 1360 τε
822 1301 939 1379 μείζους
962 1298 1011 1360 καί
1034 1301 1104 1372 τοὺς
1128 1298 1273 1378 ἐλάττους,
1295 1299 1346 1372 mig
1369 1321 1398 1360 τε

219 1413 386 1494 ἀναγκαίας
410 1411 572 1492 ἐπιθυμίας
595 1411 646 1473 καί
668 1411 719 1485 τὰς
743 1413 794 1491 μη,
816 1413 847 1473 τό
870 1435 899 1474 τε
922 1411 958 1473 bv
982 1412 1031 1473 καί
1056 1411 1087 1473 τὸ
1109 1412 1150 1492 μὴ
1171 1411 1215 1491 ὄν,
1234 1415 1309 1476 alia.
1328 1415 1400 1476 Non

218 1544 294 1589 raro
317 1529 350 1588 in
375 1528 494 1588 talibus
518 1528 601 1589 alter
624 1528 781 1589 articulus
799 1528 834 1588 in
853 1529 942 1589 codd.
964 1529 1107 1589 omissus
1128 1530 1189 1604 est,
1209 1530 1293 1602 quod
1306 1530 1397 1590 casui

129 1656 133 1664 ’
219 1643 272 1703 vel
306 1643 448 1703 incuriae
479 1642 696 1718 librariorum,
729 1643 815 1702 haud
847 1643 1014 1716 scriptoris
1043 1643 1076 1702 in
1105 1643 1272 1703 scribendo
1303 1642 1399 1715 negli-

214 1757 346 1830 genuae
377 1755 585 1816 tribuendum
618 1771 690 1816 esse
722 1770 785 1816 non
818 1756 913 1816 modo
942 1755 1136 1816 creberrima
1160 1756 1319 1831 exempla,
1344 1756 1400 1815 ubi

218 1869 378 1931 articulus
402 1871 553 1929 servatus
577 1871 637 1945 est,
662 1869 897 1945 demonstrant,
922 1871 979 1929 sed
999 1869 1192 1943 praesertim
1213 1869 1284 1943 ipsa
1303 1868 1400 1928 huius

219 1983 433 2058 copulationis
469 1983 528 2058 vis,
565 1998 647 2055 quae
677 1982 805 2042 mantuo
830 1998 896 2056 par
927 1984 979 2042 est
1009 1982 1178 2056 copulandi
1206 1997 1262 2058 per
1284 1977 1400 2040 satsat

220 2096 347 2157 rationi.
379 2096 450 2155 Non
481 2095 588 2156 solum
620 2095 719 2170 igitur
750 2095 906 2157 articulus
938 2096 988 2166 (ci.
1020 2095 1098 2170 Rep.
1123 2097 1186 2156 433
1211 2096 1248 2167 D)
1272 2110 1401 2169 semper

218 2209 385 2270 iterandus
409 2211 469 2284 est,
495 2209 551 2269 sed
575 2209 675 2269 etiam
699 2209 852 2269 adverbia
875 2203 894 2278 ¹)
920 2211 952 2269 et
966 2209 1228 2284 ¹praepositiones
1249 2209 1299 2279 (oi.
1320 2209 1398 2283 Rep,

218 2324 284 2384 429
310 2322 391 2393 OD).
418 2323 497 2383 Fere
528 2322 645 2396 ubique
677 2322 765 2383 nullo
797 2323 925 2396 negotio
949 2324 1107 2384 articulus
1132 2322 1183 2384 vel
1206 2322 1400 2397 praepositio

220 2437 366 2498 revocari
397 2437 515 2513 potest,
545 2437 629 2510 quod
653 2437 708 2496 ubi
731 2435 801 2497 fieri
825 2437 937 2510 nequit
960 2440 1017 2497 aut
1040 2459 1069 2498 τε
1093 2438 1125 2498 1ο
1149 2459 1181 2517 γε
1205 2437 1398 2498 mutandum

221 2555 266 2622 (v.
291 2565 317 2610 c.
342 2550 436 2625 Hipp.
457 2551 530 2612 Mai.
553 2551 616 2612 285
639 2550 671 2627 0,
693 2551 747 2610 ubi
766 2551 960 2625 praecedens
981 2548 1054 2610 dili
1075 2567 1176 2626 paene
1197 2551 1397 2611 clamatPla·

220 2667 333 2724 tonem
369 2665 538 2739 scripsisse
573 2661 795 2744 ἀλλὰ,...περί
825 2685 858 2744 γε
892 2662 1072 2744 γραμμάτων
1105 2661 1154 2722 καὶ
1185 2666 1235 2722 nrt
1267 2663 1287 2725 i.
1313 2679 1340 2723 e.
1365 2664 1400 2723 at

220 2778 339 2839 saltem
372 2779 444 2849 etc.)
475 2780 532 2839 aut
563 2800 592 2838 τε
623 2781 697 2852 post
728 2779 971 2839 substantivum
1003 2778 1221 2853 reponendum
1243 2769 1276 2848 ²).
1308 2775 1400 2837 Nunc

222 2893 395 2952 redeamus
417 2893 457 2953 ad
480 2894 593 2953 nostra
616 2893 714 2954 verba
737 2890 789 2951 τὸν
812 2892 901 2966 φίλον
924 2889 974 2951 καὶ
995 2889 1113 2972 ἐχθρόν,
1135 2907 1217 2965 quae
1237 2891 1318 2950 mihi
1337 2873 1401 2950 nou

223 3005 333 3066 minus
356 3007 505 3081 corrupta
529 3006 679 3067 videntur
703 3021 802 3080 quam
822 3005 921 3066 verba
946 3006 1050 3079 (Gorg.
1072 3006 1136 3065 499
1157 3007 1195 3074 A)
1212 3001 1263 3063 τὸν
1283 3001 1402 3083 ἀγαθὸν

223 3116 274 3177 καί
305 3118 409 3196 κακόν,
439 3120 527 3195 (Rep.
552 3121 618 3181 400
642 3121 668 3180 D
692 3113 726 3192 ³))
750 3118 782 3179 τὸ
806 3118 989 3197 εὐάρμοστον
1013 3117 1063 3178 καὶ
1086 3116 1283 3196 ἀνάρμοστον,
1306 3118 1402 3189 (ibid.)

223 3230 292 3312 περὶ
322 3240 375 3292 τοῦ
406 3232 537 3294 δυνατοῦ
560 3231 610 3292 καὶ
633 3232 684 3311 μή,
706 3234 824 3308 (Gorg.)
847 3231 915 3311 περὶ
937 3240 990 3292 τοῦ
1014 3230 1127 3292 &ilario
1151 3229 1199 3291 καὶ
1224 3228 1403 3305 ἀδικεῖσθαι,

225 3346 311 3417 (ibid.
334 3347 396 3407 517
410 3346 445 3416 Ε)
471 3344 496 3422 ὅ,
518 3368 544 3404 τι
568 3344 601 3405 τὸ
624 3345 750 3425 χρηστὸν
773 3343 824 3405 καί
847 3343 991 3425 πονηρόν,
1015 3345 1103 3419 (Rep.
1117 3346 1181 3405 378
1195 3345 1234 3413 A)
1258 3340 1404 3402 τὰ...τοῦ

227 3457 349 3537 Κρόνου
381 3457 451 3538 ἔργα
481 3457 531 3518 καὶ
563 3458 650 3536 πύθη
677 3457 736 3519 ὑπὸ
760 3467 813 3518 τοῦ
837 3456 927 3535 υἱέος,
950 3459 1024 3519 alia.
1048 3460 1085 3518 In
1110 3457 1161 3516 bis
1185 3459 1218 3518 et
1241 3457 1403 3516 similibus

226 3576 307 3637 locis
338 3573 460 3634 librarii
491 3575 586 3634 modo
619 3573 815 3646 negligentia
845 3573 898 3633 vel
930 3572 1105 3633 articulum
1136 3571 1188 3630 vel
1212 3569 1405 3631 coniunctio-

227 3704 306 3751 nem
329 3709 358 3747 τε
381 3692 492 3762 (quam
524 3687 707 3748 sexcenties
731 3686 816 3747 male
841 3687 998 3757 inserunt)
1022 3685 1213 3760 omiserunt,
1238 3683 1332 3743 modo
1356 3683 1406 3741 lit·

228 3810 375 3867 terarum
399 3800 611 3861 similitudine
631 3800 756 3875 decepti
781 3801 877 3870 (sicut
898 3801 932 3860 in
953 3799 1051 3873 Gorg.
1077 3800 1140 3859 517
1163 3798 1187 3857 E
1209 3793 1259 3856 καὶ
1282 3798 1407 3857 ΤΟΠΟ-

267 4059 287 4120 l)
305 4062 343 4108 (ii.
360 4060 483 4108 Herodot.
501 4061 528 4106 Π
547 4063 594 4109 145
612 4064 657 4108 αίιί
675 4075 699 4107 τι
716 4063 856 4119 λογιζόμενοι
875 4061 913 4106 καί
931 4061 975 4106 αἰεί
994 4063 1041 4106 κτλ.

263 4136 382 4200 ⁹)Huius
400 4140 487 4186 mendi
505 4140 577 4199 origo
594 4140 621 4186 in
639 4142 729 4200 aperto
748 4141 800 4187 est:
821 4139 843 4185 si
861 4141 1019 4186 correctores
1036 4139 1154 4185 voculam
1172 4153 1203 4192 τι,
1221 4150 1236 4182 a
1254 4135 1364 4183 librariis
1383 4137 1409 4182 in

225 4221 339 4268 formula
362 4235 387 4266 υο
411 4221 449 4266 καί
467 4220 611 4266 sexcenties
631 4219 761 4276 omissam,
784 4217 957 4278 negligentius
976 4217 1043 4263 inber
1062 4230 1152 4264 versus
1170 4216 1329 4274 addiderant,
1347 4228 1409 4261 non·

226 4313 359 4359 nunquam
382 4298 516 4346 accidebat
540 4301 570 4345 nt
592 4299 625 4360 1ο,
648 4298 690 4345 oui
710 4311 806 4345 novum
825 4298 1003 4356 apographum
1022 4297 1147 4343 conficere
1165 4295 1315 4355 impositum
1333 4297 1410 4356 esset,

226 4382 254 4427 in
278 4379 357 4427 dnbio
376 4381 524 4426 versaretur
541 4391 666 4438 quorsum
688 4377 833 4424 coniunctio
851 4376 993 4436 pertineret
1010 4378 1098 4422 utrum
1116 4375 1149 4421 sd
1170 4375 1360 4423 substantivum
1378 4388 1410 4422 an

228 4459 264 4506 ad
282 4459 401 4519 copulam
420 4460 465 4505 καί.

261 4534 282 4597 ³)
301 4539 338 4584 Oi.
361 4539 388 4584 in
410 4539 473 4597 Rep.
497 4538 523 4584 τύ
547 4544 586 4596 τῆς
609 4540 786 4597 εὐσχημοσύνης
806 4553 831 4582 τε
850 4537 887 4582 καί
906 4537 1073 4594 ἀσχημοσύνης
1091 4542 1124 4597 τῷ
1142 4537 1253 4598 εὐρύθμῳ
1272 4548 1295 4581 τε
1314 4535 1351 4580 καί
1370 4534 1411 4595 ἂρ-

227 4621 315 4682 ρύθμηο
333 4627 358 4664 el
378 4619 426 4664 ico
445 4617 467 4664 Ι)
487 4618 544 4664 tiit
562 4617 608 4676 μὴν
627 4617 652 4663 τύ
671 4616 791 4681 adpossit
810 4634 835 4675 ys
851 4616 890 4662 καί
907 4615 934 4661 τὸ
952 4614 1084 4679 ἄρρυθμον.
