3278 5098
526 1373 700 1456 LIBER
731 1374 985 1458 TERTIUS.

666 1712 702 1719 ---
715 1713 855 1720 -—-.-—-—.

24 1897 77 1956 Peg.
95 1899 191 1959 soeph.

214 1995 330 2057 Veneti
360 1998 428 2058 cod.
454 1997 464 2059 1
488 2001 718 2073 argumentum
745 1996 799 2060 libi
822 1999 869 2059 ΙΙΙ
893 2014 957 2060 non
980 1999 1066 2060 ultra
1089 2015 1119 2074 p.
1142 1999 1252 2061 3891)
1276 2014 1343 2074 pro·

168 2109 265 2185 cedit,
290 2110 364 2183 quia
384 2111 458 2172 inde
481 2112 521 2172 ab
544 2109 616 2189 ὑμῖν
640 2115 702 2184 ταῖς
725 2110 858 2183 νεανίαις
881 2120 944 2184 πῶς
968 2128 1012 2173 m.
1038 2128 1101 2174 Sec.
1126 2113 1248 2188 incipit.

25 2214 81 2273 386
113 2213 141 2277 B
215 2223 328 2284 Stallb.
360 2225 469 2295 (1858)
501 2241 576 2286 cunr
607 2226 754 2287 Schneid.
786 2226 898 2287 Herm.
927 2227 961 2287 et
983 2226 1100 2287 ceteris
1123 2226 1214 2288 editt.
1239 2206 1344 2288 receu-

167 2338 257 2399 tibus
290 2334 362 2416 ἀᾶεῆ
386 2354 443 2414 pro
465 2335 538 2398 ἀδεᾶ
561 2340 647 2400 male
671 2339 822 2401 defendit.
848 2338 1019 2400 Platonem
1041 2340 1149 2401 Attice
1174 2340 1344 2415 scripsisse

166 2452 236 2512 iam
268 2466 364 2527 saepe
395 2453 592 2515 monuimus.
625 2485 665 2496 -
698 2453 797 2514 Recte
829 2468 907 2514 mox
946 2453 1093 2514 Schneid.
1130 2449 1197 2532 περὶ
1232 2454 1345 2514 τούτων

165 2572 227 2623 τῶν
246 2563 355 2641 μύθων
375 2581 450 2626 cum
470 2562 575 2645 λέγειν,
591 2581 655 2628 non
675 2581 750 2627 cum
771 2563 933 2625 ἐπιστατεῖν
953 2566 1130 2643 coniunxit,
1153 2569 1190 2627 ut
1211 2567 1342 2642 campo.

167 2677 254 2737 iecit.
288 2677 428 2739 Delenda
459 2681 570 2741 autem
596 2681 673 2740 sunt
696 2680 793 2741 verba
816 2687 875 2738 τῶν
899 2679 1018 2756 μύθων,
1041 2695 1116 2740 oum
1141 2682 1256 2755 poetae
1280 2695 1344 2742 non

167 2794 209 2853 de
239 2793 357 2854 fabulis
387 2791 422 2852 τὰ
453 2792 484 2854 ἐν
506 2790 613 2855 Ἅιδου
644 2795 899 2857 describentibus
923 2790 1017 2873 λέγειν
1040 2795 1176 2871 soleant,
1201 2795 1258 2855 sed
1283 2794 1345 2869 ipsi

113 2902 140 2970 C
166 2904 242 2966 Orci
263 2908 490 2969 territamenta
512 2912 654 2971 narrent.
680 2901 699 2994 ΙΙ
724 2909 836 2971 Herm.
868 2910 950 2970 Bait.
981 2909 1205 2980 stellantes)
1231 2907 1341 2984 camp.

166 3034 244 3080 cum
277 3022 390 3095 paucis
424 3021 512 3083 codd.
549 3023 630 3093 (Par.
662 3023 700 3099 Α,
724 3023 802 3084 Ven.
837 3024 857 3099 t,
890 3023 973 3092 aliis)
1005 3023 1103 3083 verba
1132 3016 1219 3106 ᾧμὴ
1245 3022 1344 3101 βίοτος

166 3131 261 3204 πολὺς
293 3133 338 3206 εἴη
365 3135 555 3227 omiserunt.
583 3109 730 3197 (1661166
757 3137 905 3198 excidere
928 3136 1074 3211 potuisse
1097 3131 1215 3220 ἀκλήρῳ
1240 3130 1263 3219 ᾧ
1273 3182 1344 3195 .....

165 3245 213 3324 εἴη
244 3243 263 3325 ἥ
295 3250 382 3310 reete
405 3249 551 3310 Schneid.
578 3249 713 3310 monuit.
738 3250 925 3310 tectionem
949 3242 1069 3308 toooeo'
1097 3227 1262 3327 ἀνδρότητῖτ
1286 3251 1344 3322 (sic

164 3337 264 3423 Blrlrs
283 3360 395 3425 Herm.
423 3362 490 3431 alii)
521 3378 577 3437 pro
602 3358 748 3440 ἁδροτῆτα
775 3377 889 3424 omnes
913 3360 1058 3423 Platonis
1082 3362 1115 3422 et
1138 3360 1206 3422 1616
1229 3378 1344 3424 omnes

168 3476 304 3537 Homeri
327 3476 416 3538 codd.
442 3477 605 3538 exhibent.

21 3598 76 3656 387
112 3593 139 3661 G
214 3589 301 3650 Usus
334 3590 423 3650 verbi
455 3585 654 3668 ὀνομάζεσθαι
685 3607 711 3652 6.
744 3590 888 3664 geniti.
914 3604 941 3650 e.
970 3588 1101 3665 „referri
1125 3589 1210 3650 inter
1232 3604 1342 3650 nume·

166 3703 263 3764 rum”
287 3704 376 3765 hisce
401 3705 561 3780 exemplis
585 3705 782 3768 illustretur:
807 3705 940 3764 Isocrat.
968 3703 1019 3764 18.
1044 3704 1086 3763 49
1111 3699 1131 3782 11
1151 3712 1210 3763 τῶν
1231 3702 1344 3784 φυγόν-

165 3839 227 3877 των
251 3812 460 3895 ὀνομάζεσθαι,
482 3819 628 3893 Sophoel.
653 3819 687 3881 Ο.
709 3819 747 3880 R.
771 3817 855 3879 1042
878 3823 937 3875 τῶν
962 3816 1062 3876 Λαΐου
1086 3816 1186 3894 δήπου
1206 3839 1249 3890 τις
1270 3813 1344 3878 ὠνο-

166 3929 278 4009 μάζετο.
304 3966 345 3974 -
372 3932 574 4008 Optimorum
599 3932 687 3994 codd.
712 3932 785 3994 lect.
807 3929 846 4003 ὡς
866 3928 956 3989 οἴεται
976 3944 1033 4004 pro
1054 3926 1093 4002 ὡς
1114 3924 1178 3993 οἷόν
1197 3927 1343 3992 τε1161110

165 4047 237 4107 iure
260 4046 389 4122 recepit.
419 4045 452 4107 si
475 4046 571 4120 vulgo
594 4050 747 4121 suscepta
769 4046 865 4108 lectio
889 4045 929 4121 ὡς
955 4042 1082 4126 οἷόντε,
1106 4061 1204 4123 quam
1228 4046 1340 4108 Herm.

167 4162 201 4221 et
226 4159 336 4222 Stallb.
362 4159 470 4231 (1858)
504 4160 731 4236 „languidam”
756 4160 874 4222 iniuria
897 4165 1064 4238 vocarunt,
1089 4177 1153 4222 non
1177 4174 1257 4220 sana
1282 4162 1343 4235 est,

169 4290 244 4335 cum
276 4275 316 4336 M.
341 4265 458 4336 Hertz⁰
483 4275 599 4346 (Fleck.
624 4275 694 4335 Jbb.
722 4275 805 4336 1872
831 4277 881 4337 bd.
910 4277 982 4345 105)
1007 4276 1106 4336 verba
1130 4270 1169 4344 ὡς
1193 4271 1282 4332 οἴεται
1306 4275 1344 4332 111

168 4387 442 4449 exclamationem
478 4387 608 4449 lectoris
643 4386 839 4448 declarantis
874 4388 936 4463 ipsi
970 4388 1026 4449 llla
1053 4387 1185 4448 nomina
1215 4385 1342 4445 nullum

165 4502 323 4562 terrorem
353 4501 507 4578 incutere,
538 4501 673 4563 delenda
703 4503 807 4563 erunt.
839 4501 990 4562 Virorum
1022 4502 1070 4562 dd.
1104 4499 1343 4561 coniecturisa

166 4615 296 4676 Baitero
319 4616 519 4676 enumeratis
542 4616 680 4676 accessit
704 4600 834 4690 Campbi
857 4611 896 4687 ὡς
920 4611 991 4674 ἐτεά.
1013 4647 1054 4657 -
1067 4614 1142 4674 Voc.
1163 4609 1339 4693 θερμότεροι
