3278 5098
758 315 798 386 is

186 510 219 569 Ιο
246 509 409 571 abundant
440 507 529 588 (nam
560 517 613 570 cot
637 506 822 588 ἐψευσμένου
847 511 932 572 idem
962 513 1049 573 valet
1072 529 1110 573 ac
1133 521 1185 572 τοῦ
1209 511 1359 591 ἀμαθοῦς)

187 623 235 682 ΙΙο
253 624 439 684 instabilem
462 625 574 685 sedern
595 624 717 685 habent
739 621 910 702 (Eusebius
934 626 1020 685 enim
1045 641 1120 686 cum
1140 627 1250 700 paucis
1271 627 1359 688 codd.

185 731 205 813 ἡ
239 734 270 796 ἐν
299 745 334 820 τῇ
366 745 449 821 ψυχῇ
479 745 532 797 rod
559 734 606 814 ἒψ.
630 734 737 817 ἄγνοια
757 734 890 815 exhib.).
915 738 1077 800 Tenemus
1101 739 1199 813 igitur
1222 740 1360 802 eundem

135 841 167 910 0.
185 851 333 929 sciolum,
366 853 421 926 qui
452 868 550 928 supra
580 849 685 931 ἀμαθῆ
713 845 789 912 εἶναι
810 855 846 914 tn
869 869 934 927 mg.
958 856 1180 916 annotaverat.
1205 846 1225 940 ΙΙ
1250 856 1359 931 Steph.

184 966 249 1025 Ast
278 966 404 1028 Bekker
432 982 489 1042 pro
512 976 550 1051 τῷ
571 981 645 1027 cum
669 968 782 1042 paucis
804 967 895 1028 libris
917 968 946 1027 τί
967 967 1166 1043 scripserunt
1189 969 1210 1030 i.
1234 985 1262 1031 e.
1286 966 1361 1028 κατὰ

182 1079 221 1157 τί,
254 1083 292 1140 ut
321 1081 356 1140 in
390 1080 416 1139 D
451 1080 569 1154 legitur
599 1076 685 1158 (κατὰ
715 1080 743 1140 τί
772 1079 1092 1161 ὅὴ....χρήσιμον;);
1122 1083 1254 1157 optime.
1279 1082 1360 1143 Olim

183 1194 334 1255 Socrates
368 1209 431 1254 non
466 1195 608 1267 inquirat
645 1196 737 1271 „cui”
774 1196 979 1257 mendacium
1009 1197 1120 1272 prosit,
1153 1195 1210 1257 ssd
1244 1187 1359 1273 „quid”

183 1305 358 1386 (exemplis
387 1308 475 1369 enirn
506 1309 629 1383 aliquot
655 1317 708 1369 ταῦ
730 1307 763 1369 τὸ
785 1309 899 1386 ψεῦδος
922 1309 1065 1391 χρήσιμον
1089 1303 1165 1370 εἶναι
1189 1311 1304 1386 positis
1327 1311 1361 1371 in

182 1422 202 1493 5
226 1422 252 1482 D
274 1424 366 1496 rogat
388 1419 463 1481 κατὰ
486 1422 515 1481 τί
535 1419 573 1500 δὴ
597 1414 653 1482 οὖν
676 1423 828 1484 τούτων
841 1470 846 1484 .
861 1471 867 1484 .
880 1470 887 1482 .
900 1471 906 1484 .
919 1422 951 1484 τὸ
974 1424 1089 1500 ψεῦδος
1108 1423 1276 1504 χρήσιμον),
1297 1440 1361 1487 non

182 1537 293 1610 potest
312 1535 452 1598 dubitari
469 1537 552 1611 'quin
574 1548 614 1622 τῷ
629 1572 664 1580 -
691 1538 743 1599 vel
765 1557 836 1598 ποτε
857 1538 910 1598 καί
930 1559 969 1623 σῳ
993 1541 1030 1599 ut
1050 1539 1248 1600 Vermebren
1269 1535 1359 1600 Stud.

186 1650 273 1709 1870
297 1650 433 1712 coniecit
451 1683 494 1692 -
514 1667 652 1726 pravum
676 1653 729 1714 sit.
755 1687 795 1696 —
820 1653 895 1712 Mox
915 1653 1026 1713 Herm.
1047 1667 1103 1727 pro
1124 1650 1195 1711 ὅταν
1214 1653 1252 1712 ci.
1269 1648 1303 1711 'ot
1322 1647 1360 1710 dv

182 1765 339 1839 probante
369 1765 586 1826 Herwerdeno
610 1763 684 1843 (Mn.
712 1763 820 1844 1883).
846 1765 927 1826 (lum
951 1781 1026 1826 varo
1049 1766 1263 1840 praecesserit
1285 1763 1359 1843 πρός

181 1899 223 1954 σε,
252 1880 325 1953 post
355 1875 405 1938 καὶ
435 1879 544 1939 omitti
573 1894 637 1941 non
660 1881 768 1955 potest
791 1880 932 1940 alterurn
962 1876 1047 1959 πρὸς,
1078 1880 1172 1956 quod,
1209 1878 1239 1939 si
1270 1879 1299 1938 οἳ
1321 1875 1359 1938 ἄν

182 1991 364 2070 corrigitur,
388 2007 452 2053 non
472 1993 640 2054 commode
661 1994 769 2068 potent
788 1993 896 2054 inseri.
917 1993 1049 2054 Duabus
1067 1993 1360 2055 constructionibus

182 2120 281 2166 usum
318 2121 390 2166 esse
424 2105 593 2167 Platonem
624 2105 698 2185 πρός
728 2127 757 2165 τε
787 2104 856 2178 τοὺς
880 2105 1038 2184 πολεμίους
1061 2108 1095 2167 et
1118 2103 1189 2165 ὅταν
1214 2115 1273 2166 τῶν
1296 2111 1360 2166 καλ.
1482 2177 1487 2196 ,ἵ

182 2217 280 2294 φίλων
312 2216 369 2295 (sc.
396 2214 485 2298 τινὲς)
509 2216 673 2298 ἐπιχειρῶσι
696 2220 817 2295 optime
842 2220 1015 2281 Schneider
1038 2221 1156 2282 docuit.
1179 2221 1301 2282 Baiteri
1325 2221 1360 2280 in

182 2332 364 2393 Hermanni
388 2343 448 2394 clm
468 2334 639 2408 objectioni
663 2335 733 2410 „cui
753 2334 898 2395 medelae
919 2331 961 2412 (οἳ
977 2329 1027 2413 ἄν)
1048 2335 1213 2396 adversari
1233 2335 1359 2396 videtur

181 2446 267 2519 quod
290 2447 436 2520 sequitur
457 2445 540 2506 σόσε”
565 2447 803 2507 Herwerdanus
826 2447 857 2517 (l.
881 2447 913 2517 l.)
937 2447 1068 2508 obviam
1090 2447 1151 2508 ivit
1174 2448 1358 2510 coniciendo

180 2568 268 2620 τοῦτο
299 2576 354 2636 pro
377 2559 448 2621 τόσα.
473 2562 651 2623 Hermanni
675 2571 708 2622 ci
735 2557 845 2639 (quam
865 2563 954 2621 'unus
977 2561 1136 2623 Schmelz.
1161 2560 1262 2641 prob.)
1287 2565 1359 2624 tum

182 2676 317 2736 demum
336 2675 412 2736 ferri
431 2676 559 2752 poterit,
579 2676 608 2736 si
627 2690 653 2737 c.
674 2675 786 2751 paucis
804 2675 892 2737 codd.
912 2673 987 2754 πρός
1006 2696 1037 2755 γε
1058 2677 1129 2737 etc.
1143 2676 1359 2738 Herwerdeno

181 2797 269 2848 codro
305 2792 515 2851 emendatum
549 2790 619 2851 erit.
655 2790 805 2851 Praestat
836 2791 881 2850 nil
913 2792 1050 2850 mutare.
1082 2791 1120 2849 In
1150 2790 1168 2859 5
1198 2790 1256 2852 ult.
1288 2790 1359 2864 lege

125 2897 159 2962 Ι)
187 2901 283 2981 νυνδὴ
315 2905 335 2964 i.
364 2920 391 2964 e.
415 2900 488 2983 ἄρα.
512 2896 532 2989 ΙΙ
556 2905 696 2966 Auctore
719 2905 858 2966 Moeride
882 2902 965 2981 (coll.
991 2905 1172 2966 Scholiasta
1195 2906 1235 2966 ad
1258 2904 1358 2967 Arist.

182 3019 264 3080 Ran.
284 3016 316 3096 6)
340 3019 485 3093 praestat
504 3015 618 3098 γέλοιον
641 3034 698 3093 pro
721 3022 836 3097 γελοῖον
859 3019 999 3080 scribere
1025 3016 1196 3096 -γέλοιος
1220 3022 1360 3095 Ἀττικῶς,

181 3135 294 3211 γελοῖος
310 3126 489 3210 Ἑλληνικῶς
502 3154 561 3206 -;
581 3133 721 3206 Etymol.
744 3133 858 3206 Magno
877 3133 962 3193 inter
980 3128 1092 3211 γέλοιος
1114 3134 1146 3193 et
1165 3136 1278 3211 γελοῖος
1299 3134 1359 3194 dis·

181 3248 305 3308 crimen
335 3247 494 3309 statuenti
517 3247 597 3308 fides
620 3248 832 3309 abiudicanda
856 3249 915 3308 est.
942 3281 982 3289 -
1008 3246 1187 3308 Marklandi
1211 3251 1244 3307 c⁸
1267 3247 1359 3332 ταύτῃ

183 3357 237 3438 μὲν
261 3357 319 3441 ἄρα
341 3361 454 3438 ψεῦδος
477 3365 526 3421 κτλ
549 3377 606 3437 pro
628 3359 752 3438 ποιητὴς
775 3364 825 3420 κτλ
848 3360 969 3436 placuit
992 3361 1185 3422 Ruhnkenio
1210 3363 1242 3422 θῒ
1267 3362 1359 3423 Stall-

183 3477 323 3538 bsumio.
348 3476 448 3538 Recte
472 3479 582 3537 autern
607 3454 721 3537 omnes
745 3475 835 3537 editt.
860 3476 1027 3549 vulgatam
1052 3475 1152 3535 tutati
1172 3477 1259 3551 sunt,
1284 3491 1358 3536 curn

184 3590 240 3651 illa
271 3591 369 3652 verba
398 3570 503 3665 lepide
530 3589 712 3664 significent
739 3593 838 3667 „deus
860 3605 924 3650 non
948 3590 1089 3650 mendax
1112 3590 1164 3649 est
1186 3589 1223 3649 ut
1245 3590 1359 3663 poetae

184 3705 293 3764 sunt.’'
317 3683 397 3764 ‘Noli
426 3704 525 3778 igitur
555 3705 685 3764 textum
716 3703 890 3764 sollicitare
920 3718 971 3763 ex.
1000 3718 1049 3776 gr.
1079 3700 1234 3782 προφήτης
1263 3697 1359 3779 (quod

124 3821 157 3886 Ε
184 3819 225 3878 ad
248 3832 382 3878 manum
403 3816 465 3895 est)
486 3817 681 3878 coniciendo.
706 3809 726 3902 ΙΙ
751 3817 880 3893 Optime
900 3815 1038 3878 (lobetus
1058 3818 1132 3891 post
1150 3815 1219 3888 τοὺς
1232 3813 1359 3895 ἐχθροὺς

184 3934 320 3994 verbum
350 3932 492 4010 ψεύδοιτο
524 3933 692 4006 expunxit.
725 3932 898 4006 Elegantes
921 3929 1195 4003 breviloquentias
1218 3945 1357 3991 corrum-

182 4061 257 4122 pere
288 4047 409 4108 librarii
440 4048 555 4109 solent.
583 4083 623 4092 —
647 4048 752 4108 Verba
776 4045 843 4107 οὔτε
866 4044 941 4107 κατὰ
964 4045 1130 4122 φαντασίας
1155 4080 1197 4088 -
1221 4061 1303 4119 quae
1326 4047 1359 4106 in

183 4163 262 4222 Paro
297 4163 326 4221 A
361 4177 439 4222 casu
471 4162 669 4239 exciderunt,
694 4163 779 4223 sicut
801 4163 835 4222 in
859 4161 879 4239 ἕ
901 4162 927 4221 Β
951 4162 1049 4223 verba
1073 4158 1293 4238 callosorum
1316 4197 1357 4204 -

181 4277 355 4337 servarunt
377 4290 491 4337 omnes
512 4276 602 4337 editt.
625 4278 753 4351 praeter
776 4277 888 4338 Herm.
913 4273 1097 4356 (Schmelz.)
1122 4279 1155 4338 et
1177 4276 1357 4338 Baiterum.

183 4390 264 4452 Oum
297 4389 384 4451 enim
416 4391 514 4451 verba
545 4386 612 4450 οὔτε
643 4388 716 4450 κατὰ
748 4391 913 4467 φαντασίας
937 4407 993 4466 per
1016 4406 1052 4452 se
1075 4390 1159 4451 bona
1181 4390 1258 4466 sint,
1282 4391 1358 4453 reci·

181 4505 299 4582 pienda
322 4505 402 4566 mihi
425 4505 585 4566 videntur.

32 4625 92 4684 388
117 4620 152 4689 A
224 4619 292 4682 Sec.
329 4619 459 4696 dampb.
496 4621 567 4682 Par.
599 4621 629 4680 A
658 4621 770 4697 partic.
803 4616 891 4692 ὄντας
920 4621 995 4695 post
1017 4618 1124 4699 γόητας
1148 4634 1212 4680 ooo
1235 4618 1355 4681 omisit.
