3278 5098
761 341 807 386 XV

191 515 313 574 tionem
338 513 579 574 academiarum
603 513 746 572 alumnis
769 512 895 572 nullum
919 511 1061 571 fructum
1085 510 1237 585 praebere
1261 521 1366 582 posse.

39 621 168 686 Wohlr.
238 626 387 686 Civitatis
418 626 498 685 liber
528 627 575 684 1¹¹⁵
600 625 850 685 6116666666
875 617 895 694 ¹)
920 624 1103 696 recognitus
1127 623 1241 682 multis
1265 621 1367 680 nomi-

192 741 287 799 nibus
318 739 501 813 proximam
525 739 698 799 editionem
722 740 862 812 superat.
887 738 1027 798 Litteras
1050 737 1220 798 additicias
1243 737 1261 792 b
1286 738 1319 796 66
1343 734 1367 813 ξ,

193 868 276 925 quae
307 853 414 912 hiatus
450 852 574 912 vitandi
605 866 704 912 causa
735 852 936 926 adhibentur,
960 867 1001 910 ex
1026 850 1146 909 Helleri
1170 851 1287 910 codicis
1312 851 1367 909 Pa·

194 965 285 1024 risini
308 967 337 1024 A
361 965 531 1025 collatione
555 965 666 1025 sedulo
692 964 857 1024 vocabulis
881 965 1039 1037 apposuit.
1062 963 1216 1022 Eiusdem
1239 962 1369 1022 notulas

194 1079 332 1138 ineditas
356 1079 407 1139 hic
430 1079 496 1139 11116
520 1079 647 1139 6616616.

45 1195 171 1261 Jowptt
238 1193 459 1252 Novissimam
482 1193 618 1252 Politiae
642 1192 815 1252 editionem
841 1186 862 1262 ²)
887 1193 1002 1252 lowett
1022 1194 1055 1251 et
1076 1191 1241 1265 campbell
1261 1206 1368 1265 procu·

75 1296 142 1361 and
196 1307 317 1366 rarunt.
343 1306 402 1381 Qui
425 1322 499 1366 cum
523 1321 587 1366 non
610 1307 766 1367 auderent
789 1321 809 1365 a
831 1305 970 1364 Parisiui
993 1306 1020 1364 A
1045 1306 1214 1379 scripturis
1233 1321 1273 1365 ne
1295 1306 1369 1378 digi-

41 1394 268 1480 Ο1111111666
303 1420 432 1491 quidem
466 1422 690 1480 transversum
727 1420 886 1493 recedere,
919 1420 1055 1491 argutiis
1086 1419 1138 1480 vel
1170 1419 1371 1480 certissimas

196 1533 409 1592 correctiones
450 1531 531 1591 πάνυ
575 1541 751 1607 σοφιστικῶς
795 1532 937 1592 66166666
972 1533 1075 1592 666661
1110 1535 1197 1592 6666.
1233 1533 1373 1594 Debetur

196 1649 307 1706 tamen
339 1645 533 1719 Oampbellio
566 1647 712 1706 maxima
742 1647 847 1718 gratia
877 1647 1006 1719 6666666
1029 1645 1278 1718 diligentissime
1302 1661 1371 1706 con·

197 1760 315 1818 sectam
347 1759 485 1819 Parisiui
516 1760 544 1818 A
576 1760 781 1819 collationem
814 1758 896 1834 (Vol.
920 1760 961 1818 11.
987 1774 1016 1831 p.
1043 1760 1372 1831 136-146166666-

197 1874 308 1934 doctas
338 1873 460 1944 aliquot
492 1874 588 1933 notas
619 1872 913 1946 explicationesque
944 1872 977 1930 in
1009 1871 1090 1931 Voll.
1122 1872 1372 1931 1166111666-

198 1987 317 2058 gestas.

245 2345 421 2416 Postquam
465 2343 599 2403 Politiae
642 2345 754 2403 textus
789 2342 1053 2403 constitutionem
1090 2345 1232 2404 nondum
1266 2376 1306 2386 -
1338 2345 1375 2402 ut

200 2457 292 2518 initio
326 2458 458 2517 dixi-
490 2457 665 2531 perfectam
702 2472 774 2516 esse
810 2456 885 2531 vidi,
922 2457 1092 2516 consilium
1128 2458 1197 2532 cepi
1231 2457 1373 2516 virorum

199 2572 366 2631 doctorum
392 2570 564 2631 Civitatem
590 2586 687 2644 quam
710 2569 1013 2630 emendatissimam
1035 2569 1185 2630 reddendi
1205 2570 1375 2628 conamina

199 2701 255 2758 pro
288 2685 371 2743 virili
402 2685 491 2758 parte
523 2685 686 2744 adiuvare.
720 2683 800 2759 Quid
832 2699 905 2743 meo
937 2683 1055 2758 libello,
1088 2683 1120 2741 in
1151 2683 1374 2756 quoqcunque

195 2798 316 2871 priores
346 2797 439 2856 116666
463 2794 615 2874 (66116666
638 2799 751 2870 666666
774 2811 827 2855 me
851 2798 1034 2856 tracturum
1058 2795 1204 2872 sperans)
1225 2799 1375 2870 perpetuu

200 2911 396 2969 6666166666
429 2911 589 2984 illustrant,
626 2911 756 2982 assequi
788 2912 924 2969 conatus
956 2910 1018 2968 sim
1050 2909 1162 2983 paucis
1193 2910 1273 2968 mihi
1298 2909 1374 2969 indi·

201 3024 340 3083 candum
370 3026 430 3083 est.
462 3024 609 3083 Primum
641 3024 822 3098 permultas
846 3025 947 3083 bonas
971 3024 1067 3098 Astii,
1092 3023 1277 3098 Hirschigii,
1302 3023 1374 3083 alio·

202 3153 272 3197 rum
302 3137 513 3212 coniecturae,
537 3153 618 3210 quas
642 3137 760 3196 iniuria
783 3138 980 3197 recentiores
1004 3136 1142 3196 editores
1166 3137 1375 3211 sprevissent,

201 3251 427 3310 commendare
458 3252 615 3323 novisque
647 3251 848 3324 argumentis
871 3249 1001 3309 firmare
1026 3251 1145 3310 studui.
1171 3251 1290 3310 Deinde
1313 3266 1375 3310 non

201 3379 321 3437 paucas
351 3365 604 3434 emendationes
636 3378 718 3436 quas
749 3366 873 3423 temere
904 3363 1002 3422 iidem
1034 3363 1066 3422 16
1089 3364 1217 3421 textum
1243 3364 1375 3437 recepis·

202 3479 285 3552 sent,
317 3477 456 3537 refutare
487 3476 568 3536 mihi
591 3492 686 3536 curae
711 3476 773 3536 iuit
795 3469 827 3545 ³).
853 3476 936 3533 Tum
960 3489 1058 3546 quam
1082 3474 1331 3546 diligentissime
1353 3468 1376 3544 ⁴)

237 3741 255 3801 1)
273 3747 387 3792 Β666666
403 3745 481 3792 editio
496 3747 575 3793 estin
591 3748 693 3802 „Rerue
709 3747 755 3792 des
770 3745 868 3792 Etudee
884 3756 1010 3803 grecqnee
1025 3740 1054 3789 n⁰
1072 3740 1112 3804 99,
1127 3740 1250 3800 314-5”,
1268 3743 1377 3798 „Berlim

202 3825 268 3870 Phil.
285 3826 371 3872 Woch.
390 3823 480 3882 18961”,
498 3825 594 3881 ,,01666.
612 3826 713 3872 Review
731 3821 821 3870 lecal.

235 3899 386 3962 Ε1116666666
412 3907 451 3951 666
477 3905 503 3950 16
530 3905 612 3960 ,,Β661.
634 3905 700 3950 Phil.
724 3904 857 3951 Wochens.
884 3899 948 3947 1895
972 3915 995 3960 p.
1015 3899 1131 3952 961-76
1154 3902 1186 3949 61)
1204 3903 1232 3949 0.
1251 3903 1378 3962 Apeltio'',

205 3983 290 4038 „Neue
307 3983 399 4031 Philol.
416 3983 572 4030 Rundeohau
591 3981 654 4029 1895
672 3997 697 4042 6.
714 3980 856 4038 997-31”,
876 3981 1019 4043 ,Academy
1034 3977 1099 4025 1895
1115 3994 1140 4040 6.
1151 3979 1291 4037 969-70”,
1302 3981 1377 4037 „Litt

202 4061 334 4108 centralbl.
355 4060 418 4108 1895
438 4077 464 4122 6.
484 4059 803 4113 794-5611611166516”.

233 4137 255 4204 ³)
272 4142 422 4189 Rectissime
436 4142 586 4189 'Schanziue
609 4137 730 4206 (Specim.
755 4141 809 4187 crit.
834 4137 898 4189 1867
916 4154 942 4199 6.
961 4136 1005 4201 19)
1030 4140 1071 4196 „si
1095 4138 1275 4198 gravissimum
1297 4137 1380 4184 critici

201 4221 314 4267 officium
337 4224 377 4267 eet
399 4235 413 4267 6
439 4222 534 4268 codicis
557 4220 648 4281 optimi
671 4221 712 4268 vel
736 4221 853 4267 codicum
874 4220 1030 4280 optimorum
1048 4220 1174 4277 scriptura
1191 4231 1241 4264 non
1258 4216 1378 4264 recedere

203 4300 252 4345 6161
276 4301 343 4347 iustu
366 4314 443 4347 66666
465 4301 538 4349 adeat
558 4301 598 4347 vel
617 4314 647 4347 ex
664 4314 714 4347 666
733 4300 858 4346 sermonis
875 4299 915 4345 vel
934 4312 948 4345 6
966 4297 1149 4343 sententiarum
1167 4309 1235 4342 nexu
1253 4295 1337 4353 ductu,
1355 4297 1379 4342 ei

202 4391 286 4426 nonne
310 4380 387 4427 etiam
409 4380 458 4425 hoc
474 4380 550 4426 debet
567 4392 643 4426 66666
662 4393 728 4439 6666,
748 4382 778 4425 66
796 4379 904 4425 aliorum
922 4376 1095 4423 dubitationes
1111 4378 1209 4421 temere
1229 4375 1378 4422 666666661-

203 4455 296 4516 lantur,
322 4461 483 4507 coniecturae
510 4473 560 4506 non
582 4461 653 4506 recte
677 4461 836 4518 excogitatae
861 4457 1037 4511 exeluduntur,
1054 4455 1280 4514 interpretationes
1298 4455 1378 4500 falsae

203 4538 388 4585 abicianturl'’.

239 4613 259 4676 ⁴)
277 4617 408 4676 06666616
426 4618 524 4678 aliquot
541 4618 667 4677 inspicere
685 4619 747 4664 mihi
766 4630 816 4663 non
833 4617 913 4664 licuit.
