<?xml version="1.0" encoding="UTF-8"?>
<!DOCTYPE html PUBLIC "-//W3C//DTD XHTML 1.0 Transitional//EN"
    "http://www.w3.org/TR/xhtml1/DTD/xhtml1-transitional.dtd">
<html xmlns="http://www.w3.org/1999/xhtml" xml:lang="en" lang="en">
 <head>
  <title>
</title>
<meta http-equiv="Content-Type" content="text/html;charset=utf-8" />
  <meta name='ocr-system' content='tesseract 3.04.00' />
  <meta name='ocr-capabilities' content='ocr_page ocr_carea ocr_par ocr_line ocrx_word'/>
</head>
<body>
  <div class='ocr_page' id='page_1' title='image "./notaecriticaead01hartgoog_0029.png"; bbox 0 0 3278 5098; ppageno 0'>
   <div class='ocr_carea' id='block_1_1' title="bbox 615 1409 1040 1493">
    <p class='ocr_par' dir='ltr' id='par_1_1' title="bbox 615 1409 1040 1493">
     <span class='ocr_line' id='line_1_1' title="bbox 615 1409 1040 1493; baseline 0.005 -2"><span class='ocrx_word' id='word_1_1' title='bbox 615 1411 788 1492; x_wconf 82' lang='lat' dir='ltr'>LIBER</span> <span class='ocrx_word' id='word_1_2' title='bbox 811 1409 1040 1493; x_wconf 80' lang='lat' dir='ltr'><strong>PRIMUS.</strong></span> 
     </span>
    </p>
   </div>
   <div class='ocr_carea' id='block_1_2' title="bbox 730 1664 925 1671">
    <p class='ocr_par' dir='ltr' id='par_1_2' title="bbox 730 1664 925 1671">
     <span class='ocr_line' id='line_1_2' title="bbox 730 1664 925 1671; baseline 0.01 -2"><span class='ocrx_word' id='word_1_3' title='bbox 730 1664 925 1671; x_wconf 72' lang='lat'><strong>—-——</strong></span> 
     </span>
    </p>
   </div>
   <div class='ocr_carea' id='block_1_3' title="bbox 241 1858 1416 2844">
    <p class='ocr_par' dir='ltr' id='par_1_3' title="bbox 241 1858 1416 2844">
     <span class='ocr_line' id='line_1_3' title="bbox 281 1858 1414 1932; baseline 0 -13"><span class='ocrx_word' id='word_1_4' title='bbox 281 1859 359 1920; x_wconf 85' lang='grc' dir='ltr'>11.Β.</span> <span class='ocrx_word' id='word_1_5' title='bbox 382 1860 548 1920; x_wconf 88' lang='lat' dir='ltr'>Lectorem</span> <span class='ocrx_word' id='word_1_6' title='bbox 572 1860 733 1919; x_wconf 89' lang='lat' dir='ltr'>monitum</span> <span class='ocrx_word' id='word_1_7' title='bbox 758 1859 830 1918; x_wconf 93' lang='lat' dir='ltr'>volo</span> <span class='ocrx_word' id='word_1_8' title='bbox 854 1874 907 1918; x_wconf 91' lang='lat' dir='ltr'>me</span> <span class='ocrx_word' id='word_1_9' title='bbox 932 1875 1023 1920; x_wconf 90' lang='lat' dir='ltr'>meas</span> <span class='ocrx_word' id='word_1_10' title='bbox 1044 1858 1269 1918; x_wconf 83' lang='lat' dir='ltr'>annotationes</span> <span class='ocrx_word' id='word_1_11' title='bbox 1289 1871 1414 1932; x_wconf 88' lang='lat' dir='ltr'>compo·</span> 
     </span>
     <span class='ocr_line' id='line_1_4' title="bbox 241 1969 1416 2048; baseline -0.001 -16"><span class='ocrx_word' id='word_1_12' title='bbox 241 1972 346 2032; x_wconf 86' lang='lat' dir='ltr'>suisse</span> <span class='ocrx_word' id='word_1_13' title='bbox 377 1974 417 2032; x_wconf 91' lang='lat' dir='ltr'>ad</span> <span class='ocrx_word' id='word_1_14' title='bbox 449 1973 653 2032; x_wconf 85' lang='lat' dir='ltr'>Stallbaumii</span> <span class='ocrx_word' id='word_1_15' title='bbox 681 1973 856 2032; x_wconf 78' lang='lat' dir='ltr'>editionem</span> <span class='ocrx_word' id='word_1_16' title='bbox 882 1974 1102 2046; x_wconf 86' lang='lat' dir='ltr'>stereotypam</span> <span class='ocrx_word' id='word_1_17' title='bbox 1131 1969 1294 2048; x_wconf 82' lang='lat' dir='ltr'>„Platonis</span> <span class='ocrx_word' id='word_1_18' title='bbox 1318 1985 1416 2045; x_wconf 89' lang='lat' dir='ltr'>opera</span> 
     </span>
     <span class='ocr_line' id='line_1_5' title="bbox 242 2086 1415 2162; baseline 0 -18"><span class='ocrx_word' id='word_1_19' title='bbox 242 2087 350 2146; x_wconf 86' lang='lat' dir='ltr'>omnia</span> <span class='ocrx_word' id='word_1_20' title='bbox 392 2101 456 2145; x_wconf 91' lang='lat' dir='ltr'>uno</span> <span class='ocrx_word' id='word_1_21' title='bbox 492 2087 655 2147; x_wconf 87' lang='lat' dir='ltr'>volumine</span> <span class='ocrx_word' id='word_1_22' title='bbox 690 2087 932 2162; x_wconf 81' lang='lat' dir='ltr'>comprehensa,</span> <span class='ocrx_word' id='word_1_23' title='bbox 970 2086 1075 2145; x_wconf 84' lang='grc'>1860”</span> <span class='ocrx_word' id='word_1_24' title='bbox 1114 2087 1147 2145; x_wconf 91' lang='lat' dir='ltr'>et</span> <span class='ocrx_word' id='word_1_25' title='bbox 1182 2100 1220 2144; x_wconf 87' lang='lat' dir='ltr'>ea</span> <span class='ocrx_word' id='word_1_26' title='bbox 1254 2100 1336 2158; x_wconf 88' lang='lat' dir='ltr'>quae</span> <span class='ocrx_word' id='word_1_27' title='bbox 1372 2086 1415 2145; x_wconf 92' lang='lat' dir='ltr'>ibi</span> 
     </span>
     <span class='ocr_line' id='line_1_6' title="bbox 242 2199 1414 2274; baseline 0.001 -17"><span class='ocrx_word' id='word_1_28' title='bbox 242 2199 370 2258; x_wconf 89' lang='lat' dir='ltr'>silentio</span> <span class='ocrx_word' id='word_1_29' title='bbox 401 2200 615 2274; x_wconf 82' lang='lat' dir='ltr'>praetermisi,</span> <span class='ocrx_word' id='word_1_30' title='bbox 647 2199 745 2259; x_wconf 90' lang='lat' dir='ltr'>tacite</span> <span class='ocrx_word' id='word_1_31' title='bbox 776 2200 928 2273; x_wconf 88' lang='lat' dir='ltr'>probasse</span> <span class='ocrx_word' id='word_1_32' title='bbox 961 2203 1053 2272; x_wconf 84' lang='lat' dir='ltr'>(quae</span> <span class='ocrx_word' id='word_1_33' title='bbox 1085 2199 1124 2259; x_wconf 92' lang='lat' dir='ltr'>ad</span> <span class='ocrx_word' id='word_1_34' title='bbox 1152 2199 1414 2273; x_wconf 83' lang='lat' dir='ltr'>orthographiam</span> 
     </span>
     <span class='ocr_line' id='line_1_7' title="bbox 242 2313 1415 2398; baseline -0.001 -26"><span class='ocrx_word' id='word_1_35' title='bbox 242 2314 275 2372; x_wconf 90' lang='lat' dir='ltr'>et</span> <span class='ocrx_word' id='word_1_36' title='bbox 294 2313 586 2388; x_wconf 87' lang='lat' dir='ltr'>interpunctionem</span> <span class='ocrx_word' id='word_1_37' title='bbox 613 2314 784 2390; x_wconf 84' lang='lat' dir='ltr'>pertinent,</span> <span class='ocrx_word' id='word_1_38' title='bbox 808 2328 880 2373; x_wconf 90' lang='lat' dir='ltr'>raro</span> <span class='ocrx_word' id='word_1_39' title='bbox 901 2314 1015 2398; x_wconf 86' lang='lat' dir='ltr'>attigi).</span> <span class='ocrx_word' id='word_1_40' title='bbox 1035 2313 1200 2372; x_wconf 81' lang='lat' dir='ltr'>Editiones</span> <span class='ocrx_word' id='word_1_41' title='bbox 1220 2313 1260 2372; x_wconf 94' lang='lat' dir='ltr'>ad</span> <span class='ocrx_word' id='word_1_42' title='bbox 1281 2327 1362 2385; x_wconf 89' lang='lat' dir='ltr'>quas</span> <span class='ocrx_word' id='word_1_43' title='bbox 1381 2313 1415 2372; x_wconf 93' lang='lat' dir='ltr'>in</span> 
     </span>
     <span class='ocr_line' id='line_1_8' title="bbox 241 2425 1412 2501; baseline -0.002 -15"><span class='ocrx_word' id='word_1_44' title='bbox 241 2428 325 2486; x_wconf 88' lang='lat' dir='ltr'>meis</span> <span class='ocrx_word' id='word_1_45' title='bbox 345 2427 430 2486; x_wconf 90' lang='lat' dir='ltr'>notis</span> <span class='ocrx_word' id='word_1_46' title='bbox 449 2427 604 2487; x_wconf 90' lang='lat' dir='ltr'>lectorem</span> <span class='ocrx_word' id='word_1_47' title='bbox 621 2426 723 2486; x_wconf 88' lang='lat' dir='ltr'>refero</span> <span class='ocrx_word' id='word_1_48' title='bbox 742 2429 819 2486; x_wconf 91' lang='lat' dir='ltr'>sunt</span> <span class='ocrx_word' id='word_1_49' title='bbox 831 2427 946 2486; x_wconf 88' lang='lat' dir='ltr'>haece:</span> <span class='ocrx_word' id='word_1_50' title='bbox 968 2426 1052 2485; x_wconf 87' lang='lat' dir='ltr'>Astii</span> <span class='ocrx_word' id='word_1_51' title='bbox 1068 2427 1163 2501; x_wconf 82' lang='lat'>1822,</span> <span class='ocrx_word' id='word_1_52' title='bbox 1176 2425 1313 2487; x_wconf 86' lang='lat' dir='ltr'>Bekkeri</span> <span class='ocrx_word' id='word_1_53' title='bbox 1329 2426 1412 2486; x_wconf 97' lang='grc'>1826</span> 
     </span>
     <span class='ocr_line' id='line_1_9' title="bbox 242 2540 1414 2615; baseline -0.002 -15"><span class='ocrx_word' id='word_1_54' title='bbox 242 2540 401 2615; x_wconf 84' lang='lat' dir='ltr'>(Priestly,</span> <span class='ocrx_word' id='word_1_55' title='bbox 443 2541 563 2615; x_wconf 82' lang='lat' dir='ltr'>Lond.)‚</span> <span class='ocrx_word' id='word_1_56' title='bbox 607 2541 791 2601; x_wconf 82' lang='lat' dir='ltr'>Schneideri</span> <span class='ocrx_word' id='word_1_57' title='bbox 837 2541 920 2600; x_wconf 83' lang='lat'>1846</span> <span class='ocrx_word' id='word_1_58' title='bbox 963 2541 1067 2615; x_wconf 78' lang='lat' dir='ltr'>(Pan),</span> <span class='ocrx_word' id='word_1_59' title='bbox 1102 2540 1282 2600; x_wconf 88' lang='lat' dir='ltr'>Hermanni</span> <span class='ocrx_word' id='word_1_60' title='bbox 1320 2541 1414 2615; x_wconf 82' lang='grc'>1852,</span> 
     </span>
     <span class='ocr_line' id='line_1_10' title="bbox 241 2652 1414 2730; baseline -0.002 -16"><span class='ocrx_word' id='word_1_61' title='bbox 241 2655 362 2714; x_wconf 89' lang='lat' dir='ltr'>Baiteri</span> <span class='ocrx_word' id='word_1_62' title='bbox 399 2655 482 2716; x_wconf 85' lang='lat'>1895</span> <span class='ocrx_word' id='word_1_63' title='bbox 519 2659 573 2725; x_wconf 78' lang='lat' dir='ltr'>l:</span> <span class='ocrx_word' id='word_1_64' title='bbox 609 2655 715 2730; x_wconf 82' lang='grc'>1874),</span> <span class='ocrx_word' id='word_1_65' title='bbox 752 2654 947 2714; x_wconf 80' lang='lat' dir='ltr'>Schmelzeri</span> <span class='ocrx_word' id='word_1_66' title='bbox 983 2653 1078 2728; x_wconf 82' lang='grc'>1884,</span> <span class='ocrx_word' id='word_1_67' title='bbox 1111 2652 1288 2713; x_wconf 90' lang='lat' dir='ltr'>Wohirabii</span> <span class='ocrx_word' id='word_1_68' title='bbox 1320 2654 1414 2728; x_wconf 82' lang='lat'>1893,</span> 
     </span>
     <span class='ocr_line' id='line_1_11' title="bbox 243 2767 880 2844; baseline -0.005 -14"><span class='ocrx_word' id='word_1_69' title='bbox 243 2769 373 2830; x_wconf 88' lang='lat' dir='ltr'>Jowetti</span> <span class='ocrx_word' id='word_1_70' title='bbox 397 2771 430 2828; x_wconf 93' lang='lat' dir='ltr'>et</span> <span class='ocrx_word' id='word_1_71' title='bbox 454 2768 642 2844; x_wconf 81' lang='lat' dir='ltr'>(lamphellii</span> <span class='ocrx_word' id='word_1_72' title='bbox 668 2769 751 2828; x_wconf 91' lang='grc'>1894</span> <span class='ocrx_word' id='word_1_73' title='bbox 776 2767 880 2838; x_wconf 73' lang='lat' dir='ltr'>(Oxi).</span> 
     </span>
    </p>
   </div>
   <div class='ocr_carea' id='block_1_4' title="bbox 94 2898 1489 4438">
    <p class='ocr_par' dir='ltr' id='par_1_4' title="bbox 276 2898 1223 2962">
     <span class='ocr_line' id='line_1_12' title="bbox 276 2898 1223 2962; baseline -0.005 -10"><span class='ocrx_word' id='word_1_74' title='bbox 276 2898 343 2953; x_wconf 56' lang='grc' dir='ltr'><em>Π</em></span> <span class='ocrx_word' id='word_1_75' title='bbox 362 2902 466 2950; x_wconf 85' lang='lat' dir='ltr'>Uncinis</span> <span class='ocrx_word' id='word_1_76' title='bbox 484 2903 616 2961; x_wconf 83' lang='lat' dir='ltr'>quadratis</span> <span class='ocrx_word' id='word_1_77' title='bbox 633 2900 742 2948; x_wconf 85' lang='lat' dir='ltr'>delenda</span> <span class='ocrx_word' id='word_1_78' title='bbox 760 2902 860 2962; x_wconf 77' lang='lat' dir='ltr'>inclusi,</span> <span class='ocrx_word' id='word_1_79' title='bbox 877 2902 977 2949; x_wconf 85' lang='lat' dir='ltr'>uncinis</span> <span class='ocrx_word' id='word_1_80' title='bbox 994 2901 1082 2948; x_wconf 78' lang='lat' dir='ltr'>fractis</span> <span class='ocrx_word' id='word_1_81' title='bbox 1099 2900 1223 2948; x_wconf 82' lang='lat' dir='ltr'>addenda.</span> 
     </span>
    </p>

    <p class='ocr_par' dir='ltr' id='par_1_5' title="bbox 94 3023 881 3084">
     <span class='ocr_line' id='line_1_13' title="bbox 94 3023 881 3084; baseline -0.009 -13"><span class='ocrx_word' id='word_1_82' title='bbox 94 3027 154 3082; x_wconf 78' lang='lat' dir='ltr'>Peg.</span> <span class='ocrx_word' id='word_1_83' title='bbox 172 3023 259 3084; x_wconf 81' lang='lat' dir='ltr'>Steph.</span> <span class='ocrx_word' id='word_1_84' title='bbox 880 3061 881 3064; x_wconf 75' lang='grc'>,</span> 
     </span>
    </p>

    <p class='ocr_par' dir='ltr' id='par_1_6' title="bbox 241 3113 1415 3428">
     <span class='ocr_line' id='line_1_14' title="bbox 288 3113 1415 3188; baseline -0.003 -12"><span class='ocrx_word' id='word_1_85' title='bbox 288 3116 394 3176; x_wconf 82' lang='lat' dir='ltr'>Codex</span> <span class='ocrx_word' id='word_1_86' title='bbox 428 3115 572 3174; x_wconf 87' lang='lat' dir='ltr'>Venetus</span> <span class='ocrx_word' id='word_1_87' title='bbox 608 3115 617 3175; x_wconf 97' lang='grc'>1</span> <span class='ocrx_word' id='word_1_88' title='bbox 651 3115 794 3188; x_wconf 86' lang='lat' dir='ltr'>(append.</span> <span class='ocrx_word' id='word_1_89' title='bbox 830 3115 857 3174; x_wconf 90' lang='lat'>1.</span> <span class='ocrx_word' id='word_1_90' title='bbox 889 3115 920 3183; x_wconf 83' lang='grc'>41</span> <span class='ocrx_word' id='word_1_91' title='bbox 951 3114 1047 3187; x_wconf 89' lang='lat' dir='ltr'>primi</span> <span class='ocrx_word' id='word_1_92' title='bbox 1081 3113 1154 3172; x_wconf 90' lang='lat' dir='ltr'>libri</span> <span class='ocrx_word' id='word_1_93' title='bbox 1185 3115 1415 3186; x_wconf 84' lang='lat' dir='ltr'>argumentum</span> 
     </span>
     <span class='ocr_line' id='line_1_15' title="bbox 241 3226 1415 3304; baseline -0.005 -14"><span class='ocrx_word' id='word_1_94' title='bbox 241 3230 393 3304; x_wconf 88' lang='lat' dir='ltr'>continet,</span> <span class='ocrx_word' id='word_1_95' title='bbox 419 3229 503 3302; x_wconf 90' lang='lat' dir='ltr'>quod</span> <span class='ocrx_word' id='word_1_96' title='bbox 523 3229 563 3290; x_wconf 90' lang='lat' dir='ltr'>M.</span> <span class='ocrx_word' id='word_1_97' title='bbox 589 3229 722 3288; x_wconf 83' lang='lat' dir='ltr'>Sohanz.</span> <span class='ocrx_word' id='word_1_98' title='bbox 748 3229 780 3286; x_wconf 89' lang='lat' dir='ltr'>in</span> <span class='ocrx_word' id='word_1_99' title='bbox 805 3227 884 3287; x_wconf 90' lang='lat' dir='ltr'>libro</span> <span class='ocrx_word' id='word_1_100' title='bbox 904 3243 964 3288; x_wconf 88' lang='lat' dir='ltr'>suo</span> <span class='ocrx_word' id='word_1_101' title='bbox 991 3227 1115 3302; x_wconf 85' lang='lat' dir='ltr'>„Ueber</span> <span class='ocrx_word' id='word_1_102' title='bbox 1138 3228 1166 3288; x_wconf 92' lang='lat' dir='ltr'>d.</span> <span class='ocrx_word' id='word_1_103' title='bbox 1192 3226 1284 3287; x_wconf 88' lang='lat' dir='ltr'>Plato</span> <span class='ocrx_word' id='word_1_104' title='bbox 1309 3226 1415 3287; x_wconf 78' lang='lat' dir='ltr'>(lodex</span> 
     </span>
     <span class='ocr_line' id='line_1_16' title="bbox 242 3339 1038 3428; baseline -0.006 -25"><span class='ocrx_word' id='word_1_105' title='bbox 242 3344 271 3404; x_wconf 91' lang='lat' dir='ltr'>d.</span> <span class='ocrx_word' id='word_1_106' title='bbox 296 3342 396 3428; x_wconf 83' lang='lat' dir='ltr'>Mark.</span> <span class='ocrx_word' id='word_1_107' title='bbox 420 3341 501 3402; x_wconf 77' lang='lat' dir='ltr'>Bibl</span> <span class='ocrx_word' id='word_1_108' title='bbox 526 3341 559 3400; x_wconf 91' lang='lat' dir='ltr'>in</span> <span class='ocrx_word' id='word_1_109' title='bbox 582 3341 725 3414; x_wconf 86' lang='lat' dir='ltr'>Venedig</span> <span class='ocrx_word' id='word_1_110' title='bbox 751 3341 857 3401; x_wconf 81' lang='grc'>1877”</span> <span class='ocrx_word' id='word_1_111' title='bbox 883 3339 1038 3399; x_wconf 86' lang='lat' dir='ltr'>exhibuit.</span> 
     </span>
    </p>

    <p class='ocr_par' dir='ltr' id='par_1_7' title="bbox 96 3452 1489 4214">
     <span class='ocr_line' id='line_1_17' title="bbox 96 3452 1489 3529; baseline -0.008 -8"><span class='ocrx_word' id='word_1_112' title='bbox 96 3464 158 3521; x_wconf 83' lang='grc'>321</span> <span class='ocrx_word' id='word_1_113' title='bbox 189 3458 218 3526; x_wconf 80' lang='grc' dir='ltr'>Δ</span> <span class='ocrx_word' id='word_1_114' title='bbox 286 3456 342 3516; x_wconf 87' lang='lat' dir='ltr'>Vir</span> <span class='ocrx_word' id='word_1_115' title='bbox 362 3456 475 3516; x_wconf 89' lang='lat' dir='ltr'>doctus</span> <span class='ocrx_word' id='word_1_116' title='bbox 493 3454 525 3516; x_wconf 83' lang='grc' dir='ltr'>Ο.</span> <span class='ocrx_word' id='word_1_117' title='bbox 543 3455 579 3515; x_wconf 81' lang='lat' dir='ltr'>G.</span> <span class='ocrx_word' id='word_1_118' title='bbox 593 3455 725 3529; x_wconf 77' lang='lat' dir='ltr'>Montijn</span> <span class='ocrx_word' id='word_1_119' title='bbox 739 3453 873 3513; x_wconf 88' lang='lat' dir='ltr'>Politiae</span> <span class='ocrx_word' id='word_1_120' title='bbox 886 3453 1009 3512; x_wconf 78' lang='lat' dir='ltr'>exordii</span> <span class='ocrx_word' id='word_1_121' title='bbox 1022 3452 1267 3526; x_wconf 89' lang='lat' dir='ltr'>simplicitatem</span> <span class='ocrx_word' id='word_1_122' title='bbox 1280 3454 1415 3514; x_wconf 90' lang='lat' dir='ltr'>laudans</span> <span class='ocrx_word' id='word_1_123' title='bbox 1488 3505 1489 3510; x_wconf 73' lang='grc'>,</span> 
     </span>
     <span class='ocr_line' id='line_1_18' title="bbox 241 3566 1415 3646; baseline -0.004 -15"><span class='ocrx_word' id='word_1_124' title='bbox 241 3570 385 3646; x_wconf 91' lang='lat' dir='ltr'>apposite</span> <span class='ocrx_word' id='word_1_125' title='bbox 405 3571 486 3628; x_wconf 88' lang='lat' dir='ltr'>haec</span> <span class='ocrx_word' id='word_1_126' title='bbox 505 3569 538 3627; x_wconf 93' lang='lat' dir='ltr'>in</span> <span class='ocrx_word' id='word_1_127' title='bbox 558 3568 627 3627; x_wconf 91' lang='lat' dir='ltr'>suis</span> <span class='ocrx_word' id='word_1_128' title='bbox 648 3567 896 3644; x_wconf 76' lang='lat' dir='ltr'>Quaestionibus</span> <span class='ocrx_word' id='word_1_129' title='bbox 908 3568 941 3626; x_wconf 90' lang='lat' dir='ltr'>et</span> <span class='ocrx_word' id='word_1_130' title='bbox 953 3566 1228 3641; x_wconf 81' lang='lat' dir='ltr'>Explicationibus</span> <span class='ocrx_word' id='word_1_131' title='bbox 1241 3567 1415 3626; x_wconf 81' lang='lat' dir='ltr'>Platonicis</span> 
     </span>
     <span class='ocr_line' id='line_1_19' title="bbox 241 3680 1414 3758; baseline -0.004 -14"><span class='ocrx_word' id='word_1_132' title='bbox 241 3684 366 3758; x_wconf 89' lang='lat' dir='ltr'>(Ultraj.</span> <span class='ocrx_word' id='word_1_133' title='bbox 390 3683 485 3753; x_wconf 83' lang='lat'>1864)</span> <span class='ocrx_word' id='word_1_134' title='bbox 506 3682 599 3742; x_wconf 92' lang='lat' dir='ltr'>dicit:</span> <span class='ocrx_word' id='word_1_135' title='bbox 617 3681 787 3757; x_wconf 75' lang='lat' dir='ltr'>„solebant</span> <span class='ocrx_word' id='word_1_136' title='bbox 803 3683 929 3740; x_wconf 87' lang='lat' dir='ltr'>veteres</span> <span class='ocrx_word' id='word_1_137' title='bbox 942 3680 1084 3739; x_wconf 90' lang='lat' dir='ltr'>multum</span> <span class='ocrx_word' id='word_1_138' title='bbox 1097 3694 1212 3753; x_wconf 87' lang='lat' dir='ltr'>operae</span> <span class='ocrx_word' id='word_1_139' title='bbox 1225 3695 1414 3742; x_wconf 87' lang='lat' dir='ltr'>consumere</span> 
     </span>
     <span class='ocr_line' id='line_1_20' title="bbox 240 3793 1414 3883; baseline -0.003 -26"><span class='ocrx_word' id='word_1_140' title='bbox 240 3800 273 3856; x_wconf 95' lang='lat' dir='ltr'>in</span> <span class='ocrx_word' id='word_1_141' title='bbox 296 3796 410 3871; x_wconf 89' lang='lat' dir='ltr'>primis</span> <span class='ocrx_word' id='word_1_142' title='bbox 434 3796 626 3870; x_wconf 88' lang='lat' dir='ltr'>scriptorum</span> <span class='ocrx_word' id='word_1_143' title='bbox 650 3810 793 3883; x_wconf 88' lang='lat' dir='ltr'>suorum</span> <span class='ocrx_word' id='word_1_144' title='bbox 813 3794 928 3854; x_wconf 89' lang='lat' dir='ltr'>verbis.</span> <span class='ocrx_word' id='word_1_145' title='bbox 955 3793 1062 3854; x_wconf 82' lang='lat' dir='ltr'>Cicero</span> <span class='ocrx_word' id='word_1_146' title='bbox 1086 3794 1125 3852; x_wconf 90' lang='lat' dir='ltr'>ad</span> <span class='ocrx_word' id='word_1_147' title='bbox 1150 3794 1296 3853; x_wconf 87' lang='lat' dir='ltr'>Atticum</span> <span class='ocrx_word' id='word_1_148' title='bbox 1323 3795 1414 3855; x_wconf 91' lang='grc'>166</span> 
     </span>
     <span class='ocr_line' id='line_1_21' title="bbox 243 3907 1414 3987; baseline -0.002 -17"><span class='ocrx_word' id='word_1_149' title='bbox 243 3911 373 3987; x_wconf 81' lang='lat' dir='ltr'>„Habeo</span> <span class='ocrx_word' id='word_1_150' title='bbox 402 3909 553 3970; x_wconf 89' lang='lat' dir='ltr'>volumen</span> <span class='ocrx_word' id='word_1_151' title='bbox 577 3910 825 3982; x_wconf 87' lang='lat' dir='ltr'>prooemiorum.</span> <span class='ocrx_word' id='word_1_152' title='bbox 851 3908 899 3967; x_wconf 80' lang='lat' dir='ltr'>Ex</span> <span class='ocrx_word' id='word_1_153' title='bbox 923 3923 960 3968; x_wconf 94' lang='lat' dir='ltr'>eo</span> <span class='ocrx_word' id='word_1_154' title='bbox 984 3908 1101 3980; x_wconf 83' lang='lat' dir='ltr'>eligere</span> <span class='ocrx_word' id='word_1_155' title='bbox 1125 3907 1213 3967; x_wconf 89' lang='lat' dir='ltr'>soleo</span> <span class='ocrx_word' id='word_1_156' title='bbox 1237 3922 1337 3980; x_wconf 89' lang='lat' dir='ltr'>quum</span> <span class='ocrx_word' id='word_1_157' title='bbox 1361 3909 1414 3968; x_wconf 88' lang='lat' dir='ltr'>ali-</span> 
     </span>
     <span class='ocr_line' id='line_1_22' title="bbox 239 4021 1415 4102; baseline -0.002 -18"><span class='ocrx_word' id='word_1_158' title='bbox 239 4025 323 4098; x_wconf 87' lang='lat' dir='ltr'>quod</span> <span class='ocrx_word' id='word_1_159' title='bbox 357 4023 533 4102; x_wconf 77' lang='grc' dir='ltr'><em>σύγγραμμα</em></span> <span class='ocrx_word' id='word_1_160' title='bbox 563 4022 724 4082; x_wconf 87' lang='lat' dir='ltr'>institui.’&#39;</span> <span class='ocrx_word' id='word_1_161' title='bbox 757 4024 785 4082; x_wconf 86' lang='lat' dir='ltr'>A</span> <span class='ocrx_word' id='word_1_162' title='bbox 809 4023 950 4096; x_wconf 86' lang='lat' dir='ltr'>Diogene</span> <span class='ocrx_word' id='word_1_163' title='bbox 974 4021 1102 4082; x_wconf 88' lang='lat' dir='ltr'>Laertio</span> <span class='ocrx_word' id='word_1_164' title='bbox 1126 4021 1164 4092; x_wconf 88' lang='lat' dir='ltr'>(V</span> <span class='ocrx_word' id='word_1_165' title='bbox 1188 4021 1241 4092; x_wconf 85' lang='grc'>48)</span> <span class='ocrx_word' id='word_1_166' title='bbox 1265 4021 1415 4082; x_wconf 89' lang='lat' dir='ltr'>laudatur</span> 
     </span>
     <span class='ocr_line' id='line_1_23' title="bbox 237 4135 771 4214; baseline -0.007 -18"><span class='ocrx_word' id='word_1_167' title='bbox 237 4137 449 4212; x_wconf 78' lang='lat' dir='ltr'>Theophrasti</span> <span class='ocrx_word' id='word_1_168' title='bbox 472 4136 553 4196; x_wconf 88' lang='lat' dir='ltr'>liber</span> <span class='ocrx_word' id='word_1_169' title='bbox 576 4135 771 4214; x_wconf 62' lang='lat' dir='ltr'>npootpluvss’</span> 
     </span>
    </p>

    <p class='ocr_par' dir='ltr' id='par_1_8' title="bbox 237 4245 1415 4438">
     <span class='ocr_line' id='line_1_24' title="bbox 282 4245 1415 4328; baseline -0.002 -18"><span class='ocrx_word' id='word_1_170' title='bbox 282 4251 381 4312; x_wconf 81' lang='lat' dir='ltr'>Recte</span> <span class='ocrx_word' id='word_1_171' title='bbox 413 4251 464 4311; x_wconf 91' lang='lat' dir='ltr'>hic</span> <span class='ocrx_word' id='word_1_172' title='bbox 480 4245 501 4320; x_wconf 85' lang='lat'>¹)</span> <span class='ocrx_word' id='word_1_173' title='bbox 532 4251 565 4311; x_wconf 88' lang='lat' dir='ltr'>in</span> <span class='ocrx_word' id='word_1_174' title='bbox 599 4250 704 4310; x_wconf 84' lang='lat' dir='ltr'>verbis</span> <span class='ocrx_word' id='word_1_175' title='bbox 736 4248 776 4319; x_wconf 84' lang='grc' dir='ltr'>εἰς</span> <span class='ocrx_word' id='word_1_176' title='bbox 808 4251 934 4326; x_wconf 83' lang='grc' dir='ltr'><strong><em>Πειραιᾶ</em></strong></span> <span class='ocrx_word' id='word_1_177' title='bbox 958 4251 991 4308; x_wconf 80' lang='lat' dir='ltr'>et</span> <span class='ocrx_word' id='word_1_178' title='bbox 1014 4248 1046 4307; x_wconf 85' lang='lat' dir='ltr'>in</span> <span class='ocrx_word' id='word_1_179' title='bbox 1072 4250 1136 4310; x_wconf 85' lang='lat'>439</span> <span class='ocrx_word' id='word_1_180' title='bbox 1161 4250 1186 4309; x_wconf 83' lang='grc' dir='ltr'><strong>Ε</strong></span> <span class='ocrx_word' id='word_1_181' title='bbox 1211 4245 1242 4308; x_wconf 81' lang='grc' dir='ltr'>ἔκ</span> <span class='ocrx_word' id='word_1_182' title='bbox 1267 4252 1415 4328; x_wconf 81' lang='grc' dir='ltr'><strong><em>Πειραιῶς</em></strong></span> 
     </span>
     <span class='ocr_line' id='line_1_25' title="bbox 237 4360 1412 4438; baseline -0.003 -14"><span class='ocrx_word' id='word_1_183' title='bbox 237 4364 362 4424; x_wconf 86' lang='lat' dir='ltr'>codices</span> <span class='ocrx_word' id='word_1_184' title='bbox 386 4365 560 4424; x_wconf 86' lang='lat' dir='ltr'>articulum</span> <span class='ocrx_word' id='word_1_185' title='bbox 584 4363 750 4438; x_wconf 86' lang='lat' dir='ltr'>omittunt,</span> <span class='ocrx_word' id='word_1_186' title='bbox 771 4363 880 4435; x_wconf 86' lang='lat' dir='ltr'>itaque</span> <span class='ocrx_word' id='word_1_187' title='bbox 900 4363 1000 4423; x_wconf 89' lang='lat' dir='ltr'>etiam</span> <span class='ocrx_word' id='word_1_188' title='bbox 1021 4362 1053 4423; x_wconf 90' lang='lat' dir='ltr'>in</span> <span class='ocrx_word' id='word_1_189' title='bbox 1074 4363 1167 4423; x_wconf 80' lang='lat'><strong>3280</strong></span> <span class='ocrx_word' id='word_1_190' title='bbox 1189 4363 1263 4424; x_wconf 86' lang='lat' dir='ltr'>V.L</span> <span class='ocrx_word' id='word_1_191' title='bbox 1283 4361 1323 4434; x_wconf 83' lang='grc' dir='ltr'>εἰς</span> <span class='ocrx_word' id='word_1_192' title='bbox 1339 4360 1412 4434; x_wconf 75' lang='grc' dir='ltr'><strong>[τὸν]</strong></span> 
     </span>
    </p>
   </div>
   <div class='ocr_carea' id='block_1_5' title="bbox 269 4604 1308 4674">
    <p class='ocr_par' dir='ltr' id='par_1_9' title="bbox 269 4604 1308 4674">
     <span class='ocr_line' id='line_1_26' title="bbox 269 4604 1308 4674; baseline 0.003 -21"><span class='ocrx_word' id='word_1_193' title='bbox 269 4604 289 4672; x_wconf 90' lang='lat'>¹)</span> <span class='ocrx_word' id='word_1_194' title='bbox 306 4608 452 4654; x_wconf 85' lang='lat' dir='ltr'>Demetrius</span> <span class='ocrx_word' id='word_1_195' title='bbox 468 4608 499 4655; x_wconf 85' lang='lat' dir='ltr'>de</span> <span class='ocrx_word' id='word_1_196' title='bbox 518 4610 617 4656; x_wconf 80' lang='lat' dir='ltr'>Elocut.</span> <span class='ocrx_word' id='word_1_197' title='bbox 635 4609 675 4654; x_wconf 86' lang='lat' dir='ltr'>bis</span> <span class='ocrx_word' id='word_1_198' title='bbox 693 4609 757 4654; x_wconf 83' lang='lat' dir='ltr'>haee</span> <span class='ocrx_word' id='word_1_199' title='bbox 775 4609 852 4656; x_wconf 82' lang='lat' dir='ltr'>verba</span> <span class='ocrx_word' id='word_1_200' title='bbox 871 4610 953 4655; x_wconf 79' lang='lat' dir='ltr'>citans</span> <span class='ocrx_word' id='word_1_201' title='bbox 967 4609 1064 4666; x_wconf 78' lang='grc' dir='ltr'>&lt;ιὸν&gt;</span> <span class='ocrx_word' id='word_1_202' title='bbox 1080 4615 1179 4674; x_wconf 72' lang='grc' dir='ltr'><strong><em>Πειραιᾶ</em></strong></span> <span class='ocrx_word' id='word_1_203' title='bbox 1198 4610 1308 4670; x_wconf 83' lang='lat' dir='ltr'>scripsit.</span> 
     </span>
    </p>
   </div>
   <div class='ocr_carea' id='block_1_6' title="bbox 0 0 1642 5098">
    <p class='ocr_par' dir='ltr' id='par_1_10' title="bbox 0 0 1642 5098">
     <span class='ocr_line' id='line_1_27' title="bbox 0 0 1642 5098; baseline 0 0"><span class='ocrx_word' id='word_1_204' title='bbox 0 0 1642 5098; x_wconf 95' lang='lat' dir='ltr'> </span> 
     </span>
    </p>
   </div>
  </div>
 </body>
</html>
