3278 5098
733 301 771 361 71

169 481 218 542 οὐκ
241 484 334 557 αἴτιος
358 493 416 546 τῶν
440 485 539 546 κακῶν
559 483 575 546 ὁ
595 486 674 559 θεός.
695 488 744 549 Ad
765 489 830 548 380
850 489 893 550 D:
915 488 1049 569 δεύτερος
1071 491 1163 564 τύπος
1183 494 1339 574 θεολογίας

169 587 207 654 ὅα
234 594 253 684 Ιὁ
284 597 356 671 θεὸς
389 597 593 679 ἀμετάβλητος.
625 602 675 662 Ad
706 601 768 662 382
801 602 846 662 A:
879 601 972 681 τρίτος
1001 603 1093 676 τύπος
1116 605 1273 685 θεολογίας
1297 606 1340 667 ὅτι

124 705 282 803 Βάίηθὴς
314 708 330 772 ὁ
359 711 439 785 θεός.
470 705 489 798 ΙΙ
519 715 602 787 Lege
637 711 708 786 [καὶ]
741 710 883 794 λέγοντος.
916 716 1015 777 Paulo
1042 720 1116 792 post
1135 719 1205 792 lege
1228 717 1340 799 θάτερα

168 839 220 897 pro
238 821 279 914 'ri
301 822 394 905 ἕτερα,
417 829 492 901 qula
514 829 581 889 fere
605 843 732 902 semper
756 843 831 888 cum
854 827 992 890 erasini
1013 827 1095 910 ἕτερα
1115 834 1340 907 pronuntiatur

167 953 238 998 cum
268 939 301 1000 iu
334 940 456 1001 malam
488 941 613 1017 partem
645 941 824 1002 adhibetur.
848 941 948 1004 Bekk.
974 945 1007 1004 et
1029 944 1141 1005 Herm.
1166 961 1229 1006 non
1253 947 1339 1009 male

167 1049 214 1110 riv
245 1048 277 1112 δὲ
307 1055 456 1127 sequenti
483 1055 593 1116 versui
616 1055 843 1131 adjunxerunt,
867 1070 1066 1129 quamquam
1091 1057 1224 1120 Homeri
1249 1061 1337 1122 codd.
1406 1028 1409 1032 Ι

166 1181 276 1227 omnes
299 1168 454 1242 praebent
476 1166 528 1227 καί
548 1165 562 1227 ἓ
584 1166 661 1245 κακὴ
685 1155 869 1246 βούβρωσας
896 1173 954 1229 nat.
982 1171 1091 1231 Baiter
1118 1173 1151 1232 et
1175 1165 1339 1248 Oampbell

165 1275 214 1338 riv
238 1271 270 1339 δὲ
293 1296 313 1341 a
332 1297 428 1341 versu
449 1283 631 1358 secernunt,
652 1283 686 1342 at
706 1296 802 1356 saepe
816 1283 908 1343 Plato
920 1285 1091 1357 poetarum
1104 1300 1219 1345 versus
1232 1289 1340 1348 mutat

123 1389 472 1464 llaccommodationis
501 1396 616 1472 gratia,
649 1396 712 1457 vid.
744 1395 830 1457 diota
862 1397 902 1457 ad
936 1399 999 1457 363
1023 1399 1059 1458 Β.
1086 1389 1104 1481 ΙΙ
1129 1399 1203 1459 Mox
1227 1403 1339 1461 autem

164 1508 224 1568 Ast
257 1487 289 1569 et
325 1507 436 1571 Herm.
469 1505 544 1587 (non
575 1509 690 1583 reliqui
721 1505 824 1586 editt.)
859 1510 956 1571 verba
987 1507 1112 1589 ἀγαθῶν
1134 1533 1163 1571 τε
1186 1522 1287 1573 κακῶν
1310 1536 1339 1573 τε

163 1617 301 1700 τέτυκται,
318 1627 400 1696 q'uae
420 1623 454 1683 in
474 1623 615 1685 Homero
628 1637 692 1683 non
704 1623 917 1699 reperiuntur,
931 1624 971 1683 ab
984 1625 1139 1685 orationis
1151 1628 1339 1687 continuata

163 1735 243 1795 serie
277 1748 340 1797 non
375 1737 575 1811 separarunt.
612 1736 689 1796 Mihi
721 1709 848 1796 videtur
878 1735 980 1813 Plato,
1013 1737 1067 1811 qui
1098 1738 1132 1798 in
1164 1737 1183 1815 ξ
1216 1739 1238 1800 0
1269 1733 1339 1810 τοὺς

164 1849 287 1921 πολλοὺς
317 1850 522 1926 vituperabat
550 1851 633 1924 quod
669 1851 766 1910 deum
801 1848 920 1909 πάντων
953 1849 1048 1910 αἴτιον
1079 1867 1151 1912 esse
1175 1854 1337 1930 putarent,

167 1963 272 2024 minus
287 1957 309 2042 ¹)
340 1966 488 2024 mentem
520 1964 589 2024 noti
622 1964 774 2024 versiculi
806 1961 882 2035 Ζεὺς
912 1961 944 2034 ὅς
975 1958 994 2022 τ’
1030 1960 1202 2044 ἀνθρώπων
1232 1949 1342 2044 ταμίης·

165 2073 301 2155 πολέμοιο
339 2065 475 2138 'struatur
517 2093 591 2138 curn
634 2063 833 2152 praegressis
868 2079 1098 2151 congruentem
1134 2079 1338 2155 interpretari

167 2189 304 2253 voluisse
325 2187 399 2269 (quo
417 2185 541 2252 iactum
562 2168 613 2251 est
633 2192 670 2250 ut
688 2191 812 2266 poetice
833 2191 962 2253 locutus
974 2189 1029 2270 sit)
1043 2193 1142 2265 quam
1157 2177 1338 2267 -'quae'et

167 2301 352 2379 Gampbellii
371 2305 478 2380 opinio
490 2307 541 2366 est
554 2339 594 2347 -
607 2305 785 2365 memoriae
798 2305 891 2379 lapsu
903 2305 951 2366 sic
963 2292 1133 2380 ‘scripsisse
1147 2283 1337 2382 praegressa

166 2435 237 2480 cum
268 2419 323 2481 illo
358 2418 526 2497 versiculo,
558 2406 654 2494 quem
687 2403 782 2479 rn'odo
811 2396 952 2495 laudavi,
980 2397 1178 2480 confundens
1201 2423 1238 2479 ut
1261 2420 1336 2480 fecit

166 2532 228 2592 389
261 2531 295 2594 E.
331 2534 380 2593 Hx
411 2533 474 2594 alio
505 2533 600 2608 poeta
622 2525 794 2603 Platonem·
819 2529 974 2593 recitasse
998 2533 1127 2608 putavit
1151 2532 1334 2593 Schneider.

165 2639 349 2709 Tenendum
372 2649 423 2708 est
442 2647 610 2757 Platonem
629 2662 759 2721 semper
775 2640 966 2707 memoriter
986 2662 1100 2707 versus
1121 2648 1239 2707 citasse
1261 2625 1336 2723 (quo

165 2743 227 2821 fact
214 2745 283 2820 tu'r'n
315 2762 367 2821 est
395 2762 433 2821 ut
463 2771 694 2834 nonnunquam
725 2743 869 2838 erraret),
897 2775 1064 2882 nunquam
1087 2761 1199 2820 autem
1222 2760 1336 2834 poetae

165 2873 269 2946 partes
292 2871 444 2948 agentem
467 2877 591 2935 temere
615 2868 750 2934 Homeri
774 2889 888 2935 versus
912 2847 1209 2974 commutasseoe
1235 2872 1336 2932 Multo

166 2989 318 3049 maiorem
355 2988 609 3049 controversiam
644 2988 851 3061 subsequent'
844 3003 875 3047 ra
909 2975 980 3047 οὐδὲ
1013 2992 1095 3046 θεῶν
1127 2980 1191 3066 ἔριν
1226 3006 1255 3044 τε
1287 2981 1337 3044 καί

165 3095 257 3180 opido
286 3106 336 3161 κτλ
368 3104 549 3177 moverunt,
582 3101 657 3175 quia
687 3117 802 3175 parum
834 3101 1011 3162 verisimile
1029 3092 1082 3162 'est
1106 3100 1273 3161 Platonem
1299 3099 1337 3159 de

165 3216 294 3278 deorum
325 3231 442 3292 pugna,
474 3230 556 3289 quae
585 3216 618 3275 in
646 3215 725 3275 XX⁰
750 3215 831 3275 libro
855 3214 966 3275 Iliadis
990 3215 1152 3288 descripta
1175 3215 1228 3290 sit,
1253 3214 1333 3287 cogi·

164 3331 249 3391 tasse
285 3345 360 3390 cum
394 3330 474 3390 haec
509 3326 672 3390 scriberet.
708 3329 855 3388 Primum
884 3329 1047 3388 Homerus
1078 3328 1111 3387 iu
1142 3313 1242 3387 Iliade
1274 3319 1337 3386 n'on

164 3445 271 3504 narrat
300 3458 357 3518 per
387 3443 544 3503 Themide
575 3444 609 3502 et
639 3427 751 3503 iovem
783 3435 844 3520 ἔρίν
869 3439 999 3519 (rixam)
1023 3441 1108 3501 inter
1131 3441 1207 3501 deos
1232 3442 1336 3500 ortam

165 3573 243 3635 esse,
275 3558 332 3618 sed
363 3573 419 3618 eos
451 3559 560 3616 vetere
590 3556 660 3616 odio
692 3556 903 3616 exacerbatos
925 3552 995 3632 (βὰν
1020 3548 1152 3630 δ’ἴμεναι
1175 3551 1338 3629 πόλεμόνδε

164 3661 238 3750 θεοί,
261 3665 327 3750 δίχα
350 3661 452 3748 nupto
476 3667 600 3748 ἔχοντες)
626 3669 666 3730 ad
686 3669 858 3730 consilium
879 3668 1019 3729 venisse.
1041 3667 1161 3727 Deinde
1180 3663 1274 3743 κρίσις
1287 3681 1336 3739 ap.

166 3773 330 3846 Platonem
355 3780 418 3844 non
443 3787 481 3846 de
506 3785 578 3845 ballo
597 3783 747 3858 usurpari
767 3783 860 3859 solet,
879 3782 941 3842 vid.
965 3797 1015 3841 ex.
1037 3795 1083 3854 gr.
1098 3764 1222 3841 lienex.
1237 3767 1338 3840 2370

166 3903 307 3979 μαρτυρεῖ
337 3892 369 3958 δὲ
398 3895 485 3976 ἡμῶν
514 3908 552 3982 τῷ
583 3897 659 3982 λόγῳ
692 3891 709 3972 ἡ
741 3905 799 3956 τῶν
833 3893 1123 3973 ἀμφισβητησάντων
1154 3890 1221 3972 περὶ
1242 3885 1338 3968 'odric

167 3999 332 4090 (Atticam)
357 4007 438 4070 ustio
462 4009 521 4090 ἔρις
543 4032 573 4070 τε
593 4005 643 4070 καὶ
662 3997 756 4089 aptore
777 4006 968 4087 (iudicium).
989 4009 1073 4069 Tum
1094 4023 1143 4082 ap.
1158 4001 1338 4067 Homerum

167 4121 298 4187 deorum
320 4133 428 4201 pugna
450 4139 513 4185 non
537 4125 712 4185 Themido's
735 4139 831 4198 opera
850 4125 884 4183 et
903 4122 1035 4184 consilio
1055 4120 1210 4202 eflicitur:
1230 4119 1340 4180 nuncii

166 4240 294 4300 tantum
325 4217 459 4299 munere
483 4239 542 4299 dea
565 4237 719 4312 iungitur.
745 4232 1005 4297 Consentaneum
1030 4235 1129 4308 igitur
1152 4233 1203 4293 est
1224 4234 1339 4307 putare

166 4343 333 4415 Platone'm
355 4341 408 4414 iiic
430 4367 494 4413 non
520 4347 574 4428 τὴν
600 4349 766 4429 Θεομαχίαν
789 4350 982 4424 respexisse,
1003 4348 1059 4407 sed
1077 4348 1211 4407 dearum
1231 4347 1338 4406 rixam

197 4593 219 4664 ¹)
238 4583 342 4657 lliii‘poc
360 4582 428 4644 'enirn
445 4597 511 4644 inter
528 4574 595 4643 maie
612 4569 712 4642 tun'tum
730 4573 820 4642 referri
837 4596 930 4654 potest.
