3278 5098
736 298 775 357 15

217 483 382 564 ...τάληθῆ
413 483 516 566 λέγειν.
548 485 662 546 Puram.
690 484 771 545 πάνυ
796 481 849 562 μὲν
873 476 929 546 οὖν
952 490 1021 563 art,
1043 489 1151 563 tuopte,
1176 504 1287 565 quum,
1311 490 1340 549 Si

159 602 233 674 ipse
258 600 428 675 Cephalus,
454 615 552 673 quem
575 600 608 659 in
632 600 897 674 praecedentibus
922 601 1070 662 Socrates
1095 617 1223 676 semper
1246 607 1339 660 κινεῖν

159 716 326 791 studebat,
358 715 581 788 quaestionem
612 714 651 773 de
678 715 823 774 iustitiae
855 718 971 775 natura
995 716 1164 791 movisset,
1188 731 1252 775 non
1277 719 1339 776 sta·

158 831 225 890 tim
256 829 349 904 quasi
383 828 610 903 disputationis
645 828 765 902 proelia
795 827 932 903 fugiens,
965 828 1136 902 abscedere
1168 830 1338 902 potuisset.

159 943 335 1003 Adiectiva
372 958 446 1002 cum
489 961 564 999 rrae·
607 941 786 1015 composita
819 941 912 1002 Plato
946 942 1087 1016 adamat,
1123 943 1162 1003 cf.
1199 945 1338 1016 (praeter

162 1055 316 1136 πάγκαλος
337 1058 370 1117 et
388 1053 556 1134 παγκάλως)
577 1070 627 1115 ex.
651 1070 697 1128 gr.
719 1053 926 1132 παμπόνηρος,
942 1053 1137 1134 Ιπάνσμιιιρος,
1157 1054 1340 1136 παγγέλοιος,

161 1168 359 1248 παγχάλεπος,
381 1168 541 1240 πάνδεινος
566 1169 668 1239 (Polit.
695 1170 759 1228 290
782 1169 829 1244 B),
854 1169 927 1229 alia.
953 1161 973 1252 ΙΙ
999 1169 1058 1230 Pro
1083 1169 1175 1241 οὕτως
1199 1172 1254 1231 alii
1280 1173 1339 1232 edi-

162 1285 254 1343 tores
277 1285 322 1353 (et
345 1281 486 1357 damph.)
511 1298 553 1342 ex
576 1282 739 1343 nonnullis
763 1283 851 1342 codd.
876 1281 953 1340 cliro
976 1284 1131 1359 scribunt,
1156 1285 1240 1357 quod
1260 1285 1341 1344 mihi
1410 1253 1415 1262 .

160 1371 365 1471 probandum
396 1396 532 1471 videtur,
565 1396 642 1468 quia
671 1397 723 1456 hic
755 1396 865 1456 nullus
896 1396 1006 1456 hiatus
1039 1397 1191 1457 vitandus
1219 1399 1341 1458 estin

161 1509 427 1584 responsionibus
462 1524 589 1583 quoque
620 1510 727 1569 solum
760 1508 836 1568 odra
869 1510 949 1568 mihi
980 1525 1098 1570 sanum
1133 1511 1266 1571 videtur.
1301 1512 1341 1571 M.

162 1623 290 1684 Schanu
321 1625 431 1684 autem
465 1623 556 1683 unice
588 1624 734 1684 codicum
767 1624 994 1683 auctoritatem
1027 1624 1119 1696 sequi
1147 1624 1283 1700 mavult,
1308 1627 1343 1684 at

163 1738 361 1812 optimorum
393 1740 427 1798 et
457 1737 759 1810 antiquissimorum
784 1738 939 1798 librorum
964 1738 1112 1798 librarios
1136 1753 1237 1810 aeque
1261 1753 1339 1797 erro·

163 1851 255 1911 ribus
296 1852 452 1912 obnoxios
493 1849 595 1912 fuisse
630 1855 884 1912 consentaneum
921 1853 972 1912 est
1006 1866 1043 1911 ac
1078 1852 1273 1912 deteriorum
1311 1853 1343 1911 et

166 1965 392 2025 recentiorum.
419 1998 458 2009 —
486 1967 523 2024 In
555 1964 765 2037 sequentibus
793 1963 907 2038 <rb>
934 1963 1049 2024 τοιόνδε
1083 1965 1232 2040 rescribe,
1267 1966 1344 2037 quia

166 2076 282 2136 τοιόνδε
316 2079 476 2139 obiectum
512 2080 572 2139 est.
614 2079 651 2138 Ut
680 2093 801 2154 semper
833 2075 989 2156 ἀγαθόν
1020 2101 1063 2153 τι,
1090 2077 1211 2138 καλόν
1235 2100 1268 2136 ιι
1291 2082 1342 2138 etc.

163 2193 374 2270 scribendum,
398 2209 470 2281 cum
493 2194 641 2253 cocubalo
664 2194 718 2253 illo
741 2193 801 2253 aloe
825 2193 994 2254 subiectura
1014 2194 1074 2254 eloe
1094 2193 1242 2253 obiectum
1260 2197 1342 2268 aaut,

162 2307 209 2366 ata
232 2310 257 2366 et
279 2305 318 2366 νδ
341 2305 510 2384 τοιόνδε,
532 2304 573 2366 ιδ
595 2276 789 2383 τοιοῦτον
811 2307 871 2367 rire
895 2306 1084 2366 τοιοῦτόν
1105 2329 1139 2365 τι
1161 2307 1343 2380 requiritur.

164 2421 203 2479 In
227 2422 291 2481 475
315 2420 340 2479 ll
364 2421 421 2481 ult.
454 2424 497 2491 (et
522 2422 586 2482 476
611 2421 650 2490 A)
682 2435 746 2480 nou
774 2436 854 2494 opus
879 2423 928 2480 est
953 2423 990 2480 ut
1017 2418 1227 2493 <τὸ>καλδν
1251 2420 1343 2480 corri-

166 2548 293 2608 gamus,
326 2535 401 2606 quia
433 2533 499 2594 illic
522 2530 613 2592 καλὸν
636 2533 797 2606 significat
821 2527 1090 2607 pulchritudinem
1118 2531 1254 2609 (κάλλος),
1280 2549 1343 2592 aon

168 2647 288 2721 aliquid
320 2647 454 2720 pulchri.
480 2646 526 2707 Ob
550 2648 687 2707 eandem
711 2663 842 2707 causam
870 2646 968 2706 verba
991 2642 1036 2721 ὄν,
1059 2643 1099 2722 μὴ
1124 2643 1168 2722 δν,
1192 2643 1345 2721 δοξαστόν,

166 2757 298 2838 γνωστὸν
323 2760 507 2820 substantioe
531 2761 600 2820 sine
625 2761 760 2821 articulo
781 2761 877 2822 scribi
897 2762 1042 2835 possunt.
1066 2761 1148 2822 Hinc
1168 2762 1258 2836 patet
1272 2776 1301 2820 v,
1316 2776 1342 2820 c.

168 2873 284 2933 368Α
316 2873 569 2934 Herwerdenum
602 2875 784 2934 rectissime
817 2874 996 2934 correxisse
1027 2873 1241 2947 θεῖόν<τι>,
1269 2888 1344 2932 cum

166 2991 251 3044 θεῖον
276 2987 346 3046 sine
370 3008 396 3044 τι
420 2987 580 3060 significet
603 2985 635 3046 τὸ
659 2992 756 3063 θεῖον,
779 2989 863 3061 quod
886 2987 965 3047 illud
989 2988 1129 3048 fratrum
1152 3003 1210 3062 par
1234 3007 1344 3046 πεπον-

164 3098 252 3160 θέναι
287 3101 436 3162 Socrates
466 3103 577 3162 dicere
612 3117 675 3162 non
711 3103 826 3176 potuit.
854 3136 893 3145 -
923 3102 996 3162 Mox
1032 3102 1102 3162 dele
1138 3101 1343 3175 participium

165 3211 294 3274 ἐθέλωνε
330 3215 472 3289 primum
515 3215 549 3274 in
584 3214 698 3274 multis
733 3216 821 3275 codd.
859 3217 935 3275 ante
971 3213 1067 3273 redere
1102 3214 1247 3288 positum
1283 3215 1343 3288 est,

166 3328 280 3388 deinde
311 3328 537 3404 requireretur,
569 3329 598 3387 si
630 3343 747 3388 sanum
780 3331 878 3403 esset,
914 3323 1140 3403 <ὅ>ἕθέλων,
1166 3302 1345 3400 deniquae

168 3441 379 3515 sequentibus
401 3441 484 3501 inD
516 3443 606 3516 patet
638 3440 700 3502 duo
733 3442 817 3502 inter
840 3457 875 3502 se
899 3441 1024 3517 opponi,
1048 3455 1165 3514 nempe
1188 3437 1220 3499 rb
1244 3437 1345 3515 ἀληθῆ

168 3552 262 3634 λέγειν
296 3557 329 3615 et
360 3553 391 3614 ιδ
423 3553 610 3614 ἀποδιδόναι.
646 3555 747 3615 Verba
774 3553 841 3614 οὔτε
865 3551 1223 3634 δίκαιος....οἰποδιδοὺς
1246 3552 1345 3626 igitur

112 3680 146 3744 1)
171 3667 203 3730 ἐν
227 3665 404 3746 sapaudiae
428 3669 533 3743 posita
561 3672 647 3728 sunt.
674 3660 693 3751 Η
718 3671 755 3728 ln
780 3670 894 3730 multis
918 3669 1006 3729 codd.
1032 3684 1087 3743 pro
1111 3665 1164 3745 χρὴ
1189 3665 1345 3748 Σιμωνίδῃ

169 3784 302 3844 ridicule
334 3780 477 3861 χρήσιμον
508 3778 567 3860 ἤδη
598 3784 756 3856 scriptum
788 3785 839 3843 est
862 3783 1001 3843 librariis
1022 3782 1213 3856 saepissime
1237 3782 1270 3840 in
1294 3794 1345 3838 no-

171 3897 315 3958 minibus
345 3897 481 3971 propriis
511 3897 736 3958 titubantibus.
764 3932 802 3940 -
836 3899 920 3958 Illud
951 3895 1023 3974 ὑμῖν
1054 3899 1127 3972 post
1157 3895 1346 3974 παραδίδωμι

167 4014 299 4074 tantum
332 4011 498 4072 Socratem
530 4013 563 4071 et
594 4012 842 4072 Polemarchum
870 4012 1000 4087 indicat,
1025 4012 1065 4073 ci.
1090 4027 1140 4071 en.
1167 4026 1212 4082 gr.
1238 4008 1344 4082 Lysid.

168 4126 233 4187 221
259 4126 283 4185 Ε
314 4122 432 4202 ὑμεῖς
463 4121 521 4203 ἄρα
552 4125 579 4184 εἰ
608 4124 690 4200 φίλοι
721 4122 833 4184 ἐστὸν
865 4122 1000 4202 ἀλλήλοις
1032 4129 1089 4182 aul.
1123 4123 1272 4183 Praestat
1295 4121 1346 4179 hic

167 4240 306 4313 aliisque
341 4238 375 4297 in
405 4239 495 4315 iouia,
527 4239 581 4298 ubi
614 4239 708 4312 vulgo
744 4237 856 4297 οὐκοῦν
891 4239 1030 4312 ponitur,
1063 4233 1174 4304 οὔκουν
1206 4235 1346 4320 scrihere

166 4355 273 4416 altero
304 4353 566 4425 interrogationis
601 4353 693 4425 signo
723 4355 796 4426 post
827 4352 932 4426 ipsam
964 4349 1156 4425 particulam
1191 4349 1346 4411 collocato
1376 4434 1380 4442 Ι

166 4468 228 4540 (sic
260 4461 529 4537 otaovv;......;).
563 4465 675 4540 Ellipsi
709 4465 795 4524 enirn
820 4465 933 4524 Graeci
957 4465 989 4523 in
1013 4465 1073 4522 hoc
1096 4463 1228 4535 rogandi
1253 4465 1347 4523 modo

165 4581 347 4646 utebantur
378 4579 536 4654 plenaque
568 4579 670 4640 oratio
698 4580 777 4642 haec
805 4579 887 4639 foret
918 4573 1030 4636 οὔκουν
1053 4573 1086 4635 ιδ
1109 4583 1230 4655 πρᾶγμα
1254 4575 1347 4650 οὕτως
