3278 5098
811 313 870 358 xlv

254 487 496 548 emendationes
520 485 693 564 (imprimis
716 485 825 562 Astii),
839 489 978 562 recipere
1002 504 1103 548 ausus
1127 492 1176 549 est
1200 491 1252 550 hic
1275 491 1340 550 illic
1360 491 1427 564 ipse

253 601 452 659 coniectandi
475 600 652 675 periculum
676 616 740 659 non
763 616 891 673 semper
915 602 1085 661 infeliciter
1109 603 1240 662 iaciens,
1266 603 1353 663 Usus
1378 607 1428 663 est

254 711 392 790 (praeter
427 715 563 773 Beklreri
598 710 734 790 codices)
770 717 842 773 octo
877 715 1038 775 codicibus
1076 715 1280 790 Florentinis
1312 717 1428 788 quibus

254 829 365 888 autem
400 827 511 887 critica
545 827 639 886 facile
671 827 879 900 supersedere
911 829 1028 901 potest.
1064 828 1199 887 Maximi
1230 830 1307 890 10011
1338 831 1426 890 codd.

254 937 402 1015 Adqd

66 1030 230 1100 Sssllllbffl·
299 1055 402 1113 Editio
427 1055 697 1114 Scrrnnmrmmm
722 1051 833 1130 (1830)
861 1055 955 1128 plane
979 1057 1015 1114 nt
1038 1056 1239 1116 Beklreriana
1263 1057 1302 1116 ob
1325 1074 1427 1118 unum

253 1172 443 1240 apparatum
475 1167 623 1226 criticum
655 1168 815 1226 laudanda
846 1169 905 1229 001.
939 1169 1070 1228 Praeter
1091 1170 1216 1230 codices
1240 1186 1259 1229 a
1282 1171 1427 1232 Bekkero

253 1284 285 1340 el
310 1281 521 1340 Stallbaumio
542 1282 701 1341 adhibitos
723 1282 863 1354 quinque
884 1282 1009 1342 codices
1029 1283 1293 1344 Vindobonenses
1313 1300 1426 1344 unum·

253 1409 313 1466 que
349 1395 629 1454 Lobcoviciensern
664 1395 834 1468 diligenter
869 1397 1023 1456 excussit.
1057 1398 1170 1456 ludicii
1202 1399 1366 1458 subtilitas
1398 1399 1426 1458 ei

254 1508 398 1567 maxime
429 1508 532 1567 defuit
558 1509 592 1566 et
613 1508 885 1568 iucundissimum
911 1511 962 1568 est
987 1510 1093 1569 videre
1118 1509 1210 1569 utin
1234 1511 1427 1584 posteriores

253 1623 409 1682 editiones
442 1623 543 1682 bonas
578 1623 742 1694 lectiones,
778 1638 859 1695 quas
893 1624 926 1682 111
959 1624 1097 1683 editione
1130 1625 1280 1698 Lipsiana
1314 1623 1425 1700 (1830)

253 1750 371 1807 magno
402 1735 549 1795 anfractu
579 1735 828 1794 condemnasset
859 1736 898 1795 ob
929 1735 1020 1795 illam
1051 1736 1155 1796 solam
1187 1751 1320 1796 causam
1344 1737 1427 1808 quod

252 1851 285 1907 ln
319 1850 464 1910 Parisino
495 1851 523 1908 A
559 1865 600 1908 ex
634 1849 771 1909 Bekkeri
806 1849 976 1909 collatione
1011 1865 1074 1910 non
1104 1852 1266 1926 adessent,
1299 1851 1427 1911 silentio

252 1965 476 2038 introduxerit,
508 1963 583 2035 quia
614 1963 773 2023 Duebneri
805 1963 932 2023 collatio
962 1979 1018 2023 eas
1040 1967 1072 2025 et
1095 1964 1161 2024 illic
1185 1965 1299 2025 adesse
1323 1968 1425 2025 osten·

254 2081 364 2138 disset.

109 2191 230 2256 Herm.
298 2193 402 2251 Editio
433 2191 614 2250 [1001111111
646 2192 788 2250 multum
820 2191 950 2250 Civitati
977 2191 1106 2264 profuit,
1139 2193 1196 2251 sed
1221 2207 1257 2251 eo
1281 2193 1425 2251 maxime

250 2308 363 2378 peccat
396 2306 480 2378 quod
515 2306 584 2364 eius
615 2308 727 2365 auctor
750 2305 895 2364 Parisino
920 2307 958 2381 A,
983 2306 1075 2365 cuius
1098 2307 1311 2366 creberrimae
1336 2321 1423 2365 voca·

251 2419 398 2478 bulorum
439 2419 631 2478 omissiones
669 2419 735 2478 iere
770 2434 884 2478 omnes
918 2419 959 2478 ad
993 2433 1093 2477 unam
1128 2419 1248 2478 librarii
1283 2419 1425 2479 incuriae

251 2533 416 2607 debentur,
440 2533 539 2592 nimis
562 2533 798 2606 obtemperavit
819 2531 1066 2604 litterarumque
1086 2532 1240 2607 apicibus,
1265 2534 1301 2591 ut
1324 2534 1425 2607 aiunt,

249 2646 366 2705 anxius
389 2646 545 2706 adhaesit.
570 2646 731 2705 Plurimos
754 2646 842 2705 locos
870 2645 1071 2704 acutissimis
1095 2646 1198 2718 iisque
1222 2660 1336 2717 parurn
1363 2645 1425 2704 vio·

250 2759 346 2818 lentis
371 2759 651 2818 emendationibus
676 2758 883 2818 emaculavit.

134 2867 228 2932 Bait.
295 2872 364 2930 Etsi
387 2872 512 2930 Barrus
536 2869 635 2948 (1874
651 2865 683 2947 b)
708 2872 741 2930 in
763 2871 879 2931 Politia
903 2871 1025 2930 edenda
1044 2871 1231 2930 ParisinoA
1251 2872 1423 2944 plurimam

251 2985 478 3044 auctoritatem
508 2986 712 3045 tribuendam
745 3001 816 3044 esse
848 2986 916 3044 iure
945 2986 1082 3060 censuit,
1106 2988 1218 3044 tamen
1242 2986 1426 3045 coniectura

250 3100 298 3157 uti
334 3098 449 3158 maluit
483 3113 581 3170 quam
617 3100 753 3172 argutiis
791 3100 838 3168 (ut
875 3099 1037 3172 imprimis
1069 3099 1242 3159 Schneider
1273 3113 1332 3158 uec
1361 3113 1425 3157 non

251 3212 458 3271 Hermannus
488 3213 540 3272 hic
570 3213 636 3273 illic
666 3214 752 3282 fecit)
784 3213 871 3273 locos
903 3215 1070 3287 corruptos
1093 3214 1298 3272 contortosve
1321 3212 1423 3290 deien-

251 3326 334 3384 dere.
367 3324 545 3384 Dolendum
578 3328 629 3386 est
659 3342 734 3384 eum
766 3342 807 3386 ex
839 3340 956 3398 magno
989 3327 1247 3386 coniecturarum
1279 3339 1424 3399 numero,

250 3453 332 3510 quas
362 3438 443 3498 alias
474 3439 513 3498 ab
541 3440 614 3499 aliis
638 3440 717 3499 viris
741 3440 790 3499 dd.
816 3439 958 3513 prolatas
981 3440 1014 3499 in
1038 3440 1273 3512 prolegomenis
1297 3454 1424 3511 conges-

251 3553 338 3627 serit,
363 3555 491 3625 praeter
507 3553 581 3612 illas
602 3568 682 3626 quas
704 3553 885 3612 intextum
907 3553 1072 3625 receperit,
1096 3567 1272 3626 perpaucas
1283 3555 1424 3611 tanturn·

251 3665 346 3724 modo
369 3667 538 3725 tractasse.

294 3778 397 3837 Editio
422 3779 627 3838 Soanarznru
652 3771 685 3853 ²),
710 3793 792 3851 quae
813 3795 853 3838 ex
878 3779 1121 3839 Hermanniana
1142 3778 1208 3838 fere
1229 3780 1298 3837 tota
1318 3778 1422 3850 fluxit,

248 3891 371 3951 nullius
401 3893 560 3952 momenti
591 3894 641 3950 est
671 3907 775 3964 neque
811 3893 880 3951 eius
911 3893 1056 3952 Platonis
1087 3891 1208 3951 mentis
1240 3891 1424 3964 explanatio

250 4007 387 4066 subtilis.
420 4007 516 4079 Fugit
549 4007 654 4065 virum
685 4007 816 4065 doctum
848 4007 983 4066 Politiae
1011 4007 1108 4066 libros
1131 4007 1259 4079 praeter
1282 4005 1424 4077 primum

249 4121 333 4179 ludis
364 4121 499 4180 minime
530 4121 623 4194 aptos
648 4135 730 4195 esse,
755 4120 864 4191 itaque
888 4134 1003 4193 parum
1027 4119 1212 4192 diligentem
1237 4118 1423 4191 interpreta-

284 4434 302 4498 1)
320 4437 390 4482 Haec
413 4449 428 4482 a
452 4437 554 4485 Baitero
581 4438 718 4484 novissime
742 4437 873 4494 recognita
898 4436 976 4482 editio
1000 4439 1061 4496 post
1084 4436 1140 4483 eius
1160 4438 1267 4483 mortem
1289 4435 1424 4482 immutata

249 4516 359 4575 repetita
377 4517 416 4561 001
432 4516 505 4561 annis
523 4516 596 4573 1881,
616 4516 688 4573 1881,
708 4516 771 4562 1895
792 4513 883 4575 (=ed.
901 4513 969 4574 VII).

282 4590 305 4660 ²)
322 4597 436 4642 Recensa
454 4597 494 4640 est
510 4596 536 4640 in
557 4595 665 4657 ,Berlin
683 4592 775 4641 Philol.
793 4594 926 4642 Wochens.
944 4594 965 4640 V
983 4590 1041 4640 43⁹¹.
