3278 5098
899 324 940 382 28

332 509 392 568 tim
416 511 502 584 quia,
526 511 556 570 si
579 513 761 587 servantur,
785 513 858 585 post
882 513 995 572 statim
1020 527 1210 586 praegressa
1232 507 1263 582 (d
1286 505 1314 570 d'
1349 503 1389 570 αὖ
1408 515 1501 589 προσ-

332 617 471 682 τάττωσιν
492 623 523 683 οἷ
540 620 595 703 dp,
618 623 734 683 δίκαιον
755 616 1015 694 εἶναι....ποιεῐν)
1036 626 1086 685 bis
1106 625 1194 686 idem
1205 601 1323 686 dicitur
1335 641 1501 699 argumen-

332 737 476 809 tatioque
500 738 588 797 omni
619 738 651 797 vi
675 738 872 815 destituitur,
896 739 959 798 nisi
983 746 1074 797 ιαοια
1103 739 1217 800 acerbe
1248 740 1288 799 ad
1315 739 1396 800 illud
1427 735 1503 798 ιναιιὰ

332 851 477 912 refertur.
512 852 550 911 In
581 853 791 924 sequentibus
822 852 898 912 clar.
926 852 950 912 Ι.
974 853 999 912 Ι.
1029 852 1191 913 Hartman
1216 853 1288 922 (lin.
1316 854 1413 924 1892)
1438 868 1502 913 ver·

331 964 408 1024 bum
442 968 538 1022 ποιεῖν
567 966 642 1025 ante
665 963 841 1026 τούναντίον
864 966 1037 1027 delendum
1061 981 1134 1026 esse
1157 967 1340 1026 rectissime
1365 967 1502 1028 censuit.

330 1077 443 1137 Verbis
478 1078 566 1146 enim
600 1070 657 1156 ἆρα
686 1078 748 1137 ιόιε
779 1083 837 1139 uri.
869 1079 1018 1140 Socrates
1049 1080 1378 1156 argumentationem,
1403 1077 1501 1153 quam

330 1191 442 1251 Thrae.
474 1206 572 1265 supra
603 1192 814 1253 exclamando
847 1193 875 1252 ιί
896 1190 987 1272 λέγεις
1009 1193 1062 1265 σος
1086 1195 1312 1271 interruperat,
1337 1195 1378 1255 ad
1403 1193 1502 1253 finem

331 1304 476 1378 perducit
508 1305 735 1367 demonstrans
769 1304 832 1366 τότε
867 1308 897 1378 (i.
921 1323 949 1368 e.
986 1308 1015 1367 si
1046 1287 1259 1381 magistratus
1294 1305 1371 1367 ιιανῖι
1401 1305 1503 1377 αὑτοῖς

331 1415 538 1494 προστάττωσι)
571 1415 604 1476 τὸ
637 1426 689 1477 τοῦ
723 1418 887 1497 κρείττονος
923 1416 1098 1498 ἀξύμφορον
1129 1435 1201 1480 esse
1233 1418 1360 1497 δίκαιον,
1394 1423 1504 1506 itaque

330 1528 504 1591 retinendae
538 1529 621 1592 efflei
651 1531 754 1616 τούτῳ,
776 1527 792 1591 ὃ
816 1532 852 1593 σὺ
876 1532 971 1603 (Thr.)
998 1529 1089 1612 λέγεις
1120 1538 1246 1607 (nempe
1274 1532 1306 1593 τὸ
1329 1541 1382 1593 τοῦ
1409 1531 1475 1612 xpel
1491 1569 1505 1577 -

329 1667 413 1716 ιονος
437 1643 587 1724 ξυμφέρον
602 1662 683 1707 ¹esse
708 1645 844 1716 δίκαιον).
870 1648 1082 1708 Praetereae
1115 1648 1317 1710 Polemarchi
1340 1648 1425 1708 inira
1450 1648 1503 1708 So·

329 1759 427 1819 oratis
461 1761 772 1821 demonstrationem
804 1761 954 1821 iterantis
986 1761 1092 1821 verbis
1117 1762 1192 1831 (340
1216 1762 1253 1832 Β)
1277 1759 1309 1820 εἰι
1333 1757 1365 1820 a
1390 1761 1505 1821 τούτων

331 1875 380 1930 ml
404 1872 507 1933 lucide
537 1874 628 1946 patet
650 1875 715 1934 iam
740 1875 847 1948 ipsum
879 1874 1046 1935 Socratem
1077 1875 1320 1935 demonstrasse
1345 1875 1447 1936 etiam
1472 1873 1505 1934 πὸ

331 1982 505 2062 ἀξύμφορον
539 1987 663 2047 iustum
699 2003 771 2048 esse
802 2003 906 2061 posse.
938 1987 1046 2048 Etiam
1075 1988 1159 2048 infra
1185 1989 1247 2048 341
1272 1988 1365 2049 Aah
1390 1989 1505 2049 eodem

328 2099 555 2186 interpolatore
590 2105 685 2160 ποιεῖν
720 2101 753 2160 in
789 2101 895 2161 verbis
929 2100 1045 2160 δίκαιον
1080 2098 1153 2180 λέγω
1193 2099 1225 2160 τὸ
1259 2108 1311 2161 τοῦ
1339 2100 1506 2179 κρείττονος

328 2217 425 2270 ποιεῖν
459 2213 549 2287 ξομφ.
583 2213 763 2286 profectum
792 2229 864 2274 esse
895 2230 958 2275 non
992 2215 1085 2275 modo
1116 2215 1322 2276 incommoda
1353 2217 1504 2276 vocabuli

329 2326 423 2386 sedes
454 2326 570 2401 arguit,
594 2327 774 2386 sedetiam
798 2327 869 2401 ipsa
891 2327 948 2390 illa
971 2325 1042 2405 ὅπερ
1066 2325 1095 2399 ἐξ
1119 2325 1210 2407 ἀρχῆς
1233 2325 1351 2406 tityon:
1376 2330 1504 2390 conten-

330 2440 422 2500 derat
455 2440 542 2499 enim
573 2440 743 2514 Thrasym.
768 2441 859 2500 initio
883 2443 958 2511 (338
972 2441 1005 2511 O)
1028 2439 1060 2500 τὸ
1084 2449 1136 2501 τοῦ
1161 2440 1324 2519 κρείττονος
1349 2439 1503 2521 ξυμφέρον

330 2569 409 2612 esse
426 2550 542 2612 ditator
565 2554 649 2623 (vide
672 2555 758 2614 dicta
780 2556 821 2615 ad
845 2556 908 2615 339
934 2554 977 2624 O).
1003 2588 1043 2598 -
1067 2554 1138 2612 vam
1159 2555 1192 2615 L.
1217 2554 1374 2632 ξυμβαίνει
1394 2556 1504 2629 proba·

328 2668 404 2726 runt
437 2669 499 2727 Ast
529 2666 633 2727 Madv.
670 2667 803 2744 Wohlr,
833 2669 929 2744 male,
963 2684 1038 2729 cum
1065 2665 1229 2746 ἀναγκαῖον
1253 2683 1309 2741 pro
1334 2665 1505 2746 ἀναγκαίως

328 2780 390 2839 dici
432 2783 580 2852 nequeat.
618 2781 799 2842 Pronomen
834 2779 906 2841 αιἰιὸ
942 2783 1028 2852 (ante
1061 2779 1168 2841 οὑτωσὶ
1183 2773 1204 2852 ¹)
1237 2783 1415 2842 molestum
1452 2783 1505 2843 hic

328 2911 401 2955 esse
435 2896 517 2956 satis
550 2897 635 2956 inter
670 2896 756 2956 viros
790 2897 839 2957 dd.
876 2897 1014 2972 constat,
1045 2899 1070 2957 Ι.
1106 2899 1130 2958 Ι.
1163 2898 1366 2958 Hartmanno
1390 2901 1506 2959 autem

328 3009 416 3079 (1.1.)
455 3024 568 3069 vocem
609 3009 780 3070 delendam
823 3011 950 3083 putanti
993 3026 1057 3070 non
1099 3011 1269 3086 assentior,
1313 3027 1391 3071 nam
1432 3013 1508 3084 quis

328 3123 435 3183 hercle
466 3123 497 3182 id
528 3123 561 3182 iu
584 3125 713 3183 textum
737 3124 912 3199 intulisset,
937 3139 1010 3184 cum
1036 3123 1209 3202 ξυμβαίνειν
1235 3125 1428 3199 saepissime
1456 3126 1512 3200 (ci,

330 3238 393 3297 339
417 3239 455 3313 A,
481 3239 544 3298 375
568 3239 594 3298 D
618 3239 671 3307 in.)
692 3239 952 3313 impersonaliter
972 3239 1171 3301 adhibeatur.
1193 3239 1349 3312 Equidem
1371 3256 1397 3300 c.
1411 3241 1510 3302 Aetio

328 3352 405 3422 puto
440 3365 552 3411 vocem
583 3349 655 3410 αὐοὸ
686 3368 705 3411 a
734 3368 794 3413 sua
825 3353 901 3412 sede
933 3352 1135 3412 librariorum
1169 3353 1263 3428 culpa
1286 3355 1450 3413 semotam
1477 3356 1512 3414 et

327 3465 543 3536 reponendam
574 3480 646 3525 esse
674 3467 750 3526 ante
772 3463 947 3525 τούναντίον
972 3467 1020 3536 (ut
1045 3467 1107 3525 334
1132 3466 1157 3527 Ε
1180 3467 1340 3540 scriptum
1364 3468 1511 3542 exstat);

328 3580 500 3651 postquam
532 3580 617 3639 enim
650 3580 833 3640 litterarum
866 3581 1022 3640 ductuum
1055 3579 1266 3640 similitudine
1297 3582 1381 3640 iuter
1416 3571 1517 3639 εῖνΑΙ

329 3695 360 3749 et
387 3689 580 3750 ΤΟὐνανπίον
604 3693 749 3762 (verbum
771 3697 867 3751 ποιεῖν
888 3693 1067 3752 insiticium
1089 3709 1161 3753 esse
1181 3694 1249 3754 iam
1265 3693 1508 3768 suprademon·

329 3805 441 3874 stravi)
465 3805 681 3881 interciderat,
707 3821 726 3865 a
750 3809 927 3866 correctore
952 3806 1056 3867 alieno
1079 3805 1148 3867 loco
1173 3808 1350 3881 repositum
1375 3809 1437 3867 est.
1464 3815 1509 3850 '—

326 3919 432 3980 Naber
463 3920 655 3991 (Comment.
689 3920 770 3979 Plat.
802 3920 817 3979 I
851 3921 947 3990 1862)
978 3921 1017 3980 ci.
1051 3911 1073 3978 ὦ
1105 3919 1255 3995 σοφώτατε
1289 3919 1509 3998 [Θρασύμαχε],

326 4035 410 4106 quod
442 4034 551 4094 minus
582 4035 688 4109 placet
703 4026 734 4109 ²),
763 4033 839 4106 quia
864 4034 1031 4093 vocativus
1055 4034 1126 4092 sine
1149 4033 1280 4094 nomine
1305 4033 1509 4112 acerbitatis

326 4164 401 4208 cum
432 4150 563 4209 nomine
594 4149 715 4209 ironiae
747 4148 861 4221 plenus
888 4151 948 4207 est.
973 4147 1121 4207 Vocativi
1145 4146 1378 4208 adiectivorum
1401 4149 1511 4219 gradu

332 4338 549 4346 ——-—-—

361 4451 381 4512 ¹)
399 4454 486 4514 (lamp.
506 4458 590 4501 obruat
608 4456 685 4501 vertit
705 4455 746 4510 ,in
764 4455 815 4500 this
834 4453 937 4500 case”il

361 4529 381 4594 ⁹)
399 4534 432 4579 Et
458 4534 483 4578 in
510 4535 586 4591 Gorg.
612 4534 689 4580 4890
710 4531 728 4579 ὦ
752 4536 870 4594 σοφώτατε
894 4535 1031 4585 Καλλίκλεις.
1056 4531 1175 4578 Callicles
1197 4531 1288 4584 ἀδικίας
1310 4527 1428 4576 laudator
1452 4537 1513 4581 erat

327 4612 395 4659 siout
413 4611 626 4670 Thrasymachus.
