3260 5098
891 317 953 382 102

335 507 421 570 male
456 508 649 582 probarunt3
683 504 859 568 verisimile
894 506 945 566 est
981 517 1055 566 eam
1088 505 1263 572 lectionem
1294 507 1504 581 dittographia

281 621 440 688 Dortam
465 634 548 682 esse.
572 609 592 703 ΙΙ
616 619 780 680 Herwerd.
806 617 879 688 (Mn.
907 614 1397 692 1888100010νο01100100010
1421 620 1505 680 verbi
1540 657 1542 662 -
1594 675 1595 706 3

332 723 352 814 ᾖ
382 747 477 808 aegre
508 733 615 794 ferens
646 733 685 793 ci.
715 726 754 808 ἣν
785 728 825 807 μὴ
857 730 1026 801 (81010000
1057 727 1096 808 ἢν
1126 748 1183 807 pro
1212 728 1402 810 1100111101,
1427 733 1506 806 quod

332 845 532 920 probandum
557 879 598 890 -
623 845 695 905 vide
723 843 807 904 infra
837 839 944 920 μηδενί
976 836 1052 902 είνοιι
1084 839 1179 921 μηδὲν
1201 853 1337 906 τοιοῦτον
1360 845 1402 917 είς
1426 840 1443 904 ὃ
1466 845 1505 906 οὐ

332 967 390 1030 σᾶς
413 963 463 1020 nal
487 993 528 1006 -
551 960 681 1036 propter
702 957 911 1033 elegantiam,
935 971 999 1018 non
1022 959 1151 1032 propter
1171 959 1415 1035 necessitatem,
1437 961 1507 1033 quia

333 1070 379 1149 εὶη
399 1073 432 1132 01
451 1063 470 1155 ᾖ
489 1087 554 1132 000
574 1071 676 1133 semel
697 1085 746 1146 ap.
767 1070 937 1131 Platonem
957 1070 1162 1132 omittuntur.
1183 1071 1253 1133 Vid.
1276 1087 1326 1133 ex.
1343 1087 1389 1146 gr.
1405 1074 1506 1134 3711

333 1175 377 1246 ὧν
397 1181 434 1243 liv
452 1183 555 1258 αὐτοῖς
573 1183 662 1262 χρεία.
683 1184 729 1246 00
749 1183 856 1244 verbis
876 1183 1009 1246 omissis
1026 1184 1098 1244 vide
1118 1183 1268 1246 Schenzii
1288 1185 1413 1247 Oomm.
1429 1187 1505 1248 Plat.

335 1298 444 1359 Novae
463 1297 582 1368 (1871).
605 1297 771 1362 Facillime
791 1299 903 1358 autem
922 1295 993 1357 fleri
1012 1297 1117 1370 potuit
1136 1299 1173 1361 ut
1183 1301 1258 1371 pest
1269 1295 1384 1377 ἀνάγκη
1397 1299 1507 1360 vocula

335 1403 608 1493 ihaplegrapnia
630 1410 839 1485 interciderit,
864 1410 949 1470 sicut
975 1409 1077 1471 etiam
1108 1410 1142 1472 in
1175 1411 1289 1474 371Α
1316 1413 1393 1472 ante
1416 1411 1506 1483 Κενός

284 1522 446 1591 Illittera
474 1526 510 1582 H
530 1528 585 1594 (.-:
606 1516 637 1608 ᾖ)
661 1523 821 1588 excidisse
844 1523 942 1584 alicui
965 1521 1067 1582 videri
1089 1524 1206 1596 potest.
1229 1514 1374 1606 1100οο0
1400 1531 1506 1603 χρυσοῦ

333 1634 433 1713 νοήσει
456 1640 529 1713 post
552 1641 669 1714 θνητοῦ
693 1636 828 1697 delenda
851 1637 939 1710 eunt,
964 1649 1027 1696 non
1048 1635 1144 1696 modo
1164 1637 1241 1710 quia
1260 1637 1435 1714 abundant,
1455 1638 1506 1698 sed

336 1751 412 1824 quia
430 1750 553 1829 χρυσίου
573 1751 744 1816 dicendum
761 1751 841 1810 erat.
856 1781 896 1792 -
909 1748 1073 1810 Dobraeus
1086 1749 1232 1819 (Advera
1248 1750 1344 1820 1830)
1358 1751 1506 1826 Stephani
1598 1743 1599 1750 '

337 1866 411 1934 (noa
434 1865 533 1934 cedd.)
557 1863 730 1924 lectionem
753 1859 835 1941 ιισρὰ
857 1872 925 1936 ipro
948 1858 1156 1940 νισρ11ιὸιοον
1175 1865 1293 1922 πολλῶν
1312 1879 1377 1924 non
1396 1865 1504 1939 impro·

337 1976 434 2037 babet
464 1977 585 2052 („mala
615 1977 655 2036 ab
679 1991 757 2036 auro
780 1975 949 2045 fluxisset
972 1975 1100 2048 egregie
1123 1975 1237 2037 falsus.
1262 1976 1387 2039 Audaci
1411 1979 1505 2038 meta·

337 2091 437 2165 phora
460 2090 553 2150 Plato
576 2089 609 2149 in
633 2090 696 2149 417
721 2089 764 2148 in.
788 2087 868 2150 illud
888 2103 1008 2148 aurum
1029 2088 1176 2150 (livinum
1195 2087 1325 2166 νόμισμα
1345 2091 1506 2165 appellans
1599 2071 1600 2136 Ῑ

337 2202 509 2266 custodum
533 2203 671 2264 virtutes
695 2201 832 2276 intelligi
856 2201 968 2261 voluit.

113 2382 115 2386 ,
192 2328 256 2387 417
286 2323 316 2389 Α
384 2315 600 2376 Doelissimus
609 2313 644 2375 0.
658 2314 755 2390 Apelt
766 2313 894 2388 (ayma.
907 2314 1054 2376 Jahresb.
1062 2313 1208 2376 Weimar
1222 2315 1307 2375 1880
1322 2315 1505 2392 „observat

335 2431 436 2492 critic.
460 2430 493 2491 in
517 2429 662 2492 Platonis
685 2429 868 2502 Dialogos’')
890 2429 928 2488 01.
950 2424 1010 2486 ὑπὸ
1029 2425 1081 2486 σὸν
1100 2424 1200 2486 αὐτῶν
1220 2423 1335 2506 ὄροφον
1356 2426 1505 2508 προσιέναι

335 2544 427 2620 („eub
450 2546 537 2604 tecto
561 2558 619 2603 suo
643 2543 816 2618 recipere’)
840 2541 911 2602 0011.
932 2541 1079 2616 Xenoph.
1100 2542 1201 2602 Anab.
1223 2543 1254 2603 4.
1276 2544 1306 2603 5.
1333 2544 1353 2604 5
1373 2542 1405 2602 01
1420 2542 1506 2603 πάλαι

333 2656 454 2736 ἥκοντος
478 2655 515 2718 οὐ
538 2655 700 2736 προσίεσαν
722 2652 796 2734 πρὸς
819 2653 851 2714 τὸ
875 2661 936 2734 πῦρ
959 2651 1029 2726 τοὺς
1053 2649 1221 2731 ὀψίζοντας,
1244 2655 1327 2716 male
1349 2656 1505 2731 1111111101,

334 2772 411 2845 quia
429 2773 502 2833 tum
521 2772 595 2846 post
614 2767 647 2829 ιὸ
666 2767 914 2847 μεταχειρίζεσθαι
934 2765 984 2826 καί
1005 2765 1153 2828 ἅπτεσθαι
1163 2769 1343 2843 tautologia
1354 2771 1505 2834 nascitur.

121 2917 123 2922 ,
225 2959 228 2964 Ι
337 2882 446 2944 Aeaee
468 2885 536 2944 iam
559 2884 682 2944 Faehse
706 2882 836 2956 (Syllog.
862 2881 934 2942 lect.
959 2897 988 2956 p.
1017 2883 1090 2951 176)
1114 2881 1296 2944 coniecerat
1303 2901 1311 2958 ;
1332 2883 1365 2942 in
1386 2884 1462 2944 Par⁰
1481 2885 1507 2943 A

337 2995 436 3056 αὐτῶν
455 2997 557 3060 fuisse
578 2998 705 3058 videtur
724 2998 799 3058 ante
819 2997 962 3058 lituram.
983 2997 1020 3056 In
1040 2995 1095 3065 §B
1115 2995 1186 3056 lele
1206 2995 1305 3058 verba
1324 2993 1375 3056 καί
1391 3000 1508 3074 μᾶλλον,

337 3113 410 3173 vide
435 3111 585 3173 dictand
610 3111 678 3172 896,
695 3111 731 3170 D.
