<?xml version="1.0" encoding="UTF-8"?>
<!DOCTYPE html PUBLIC "-//W3C//DTD XHTML 1.0 Transitional//EN"
    "http://www.w3.org/TR/xhtml1/DTD/xhtml1-transitional.dtd">
<html xmlns="http://www.w3.org/1999/xhtml" xml:lang="en" lang="en">
 <head>
  <title>
</title>
<meta http-equiv="Content-Type" content="text/html;charset=utf-8" />
  <meta name='ocr-system' content='tesseract 3.04.00' />
  <meta name='ocr-capabilities' content='ocr_page ocr_carea ocr_par ocr_line ocrx_word'/>
</head>
<body>
  <div class='ocr_page' id='page_1' title='image "./notaecriticaead01hartgoog_0130.png"; bbox 0 0 3260 5098; ppageno 0'>
   <div class='ocr_carea' id='block_1_1' title="bbox 736 336 798 396">
    <p class='ocr_par' dir='ltr' id='par_1_1' title="bbox 736 336 798 396">
     <span class='ocr_line' id='line_1_1' title="bbox 736 336 798 396; baseline 0 0"><span class='ocrx_word' id='word_1_1' title='bbox 736 336 798 396; x_wconf 78' lang='lat'>107</span> 
     </span>
    </p>
   </div>
   <div class='ocr_carea' id='block_1_2' title="bbox 21 509 1356 3211">
    <p class='ocr_par' dir='ltr' id='par_1_2' title="bbox 173 509 1352 1050">
     <span class='ocr_line' id='line_1_2' title="bbox 173 509 1349 601; baseline 0.006 -22"><span class='ocrx_word' id='word_1_2' title='bbox 173 515 230 596; x_wconf 78' lang='grc' dir='ltr'><strong><em>μὲν</em></strong></span> <span class='ocrx_word' id='word_1_3' title='bbox 263 519 408 582; x_wconf 85' lang='lat' dir='ltr'>Venetus</span> <span class='ocrx_word' id='word_1_4' title='bbox 443 523 477 578; x_wconf 91' lang='grc' dir='ltr'><strong>Π</strong></span> <span class='ocrx_word' id='word_1_5' title='bbox 507 536 533 582; x_wconf 90' lang='lat' dir='ltr'>c.</span> <span class='ocrx_word' id='word_1_6' title='bbox 566 520 679 580; x_wconf 87' lang='lat' dir='ltr'>multis</span> <span class='ocrx_word' id='word_1_7' title='bbox 710 519 783 580; x_wconf 88' lang='lat' dir='ltr'>aliis</span> <span class='ocrx_word' id='word_1_8' title='bbox 810 509 903 581; x_wconf 84' lang='lat' dir='ltr'>codd.</span> <span class='ocrx_word' id='word_1_9' title='bbox 934 519 990 601; x_wconf 83' lang='grc' dir='ltr'>γὰρ</span> <span class='ocrx_word' id='word_1_10' title='bbox 1021 522 1110 584; x_wconf 82' lang='lat' dir='ltr'>addit</span> <span class='ocrx_word' id='word_1_11' title='bbox 1140 525 1237 598; x_wconf 86' lang='lat' dir='ltr'><strong>(prob.</strong></span> <span class='ocrx_word' id='word_1_12' title='bbox 1269 525 1349 586; x_wconf 86' lang='lat' dir='ltr'><strong>Bkk.</strong></span> 
     </span>
     <span class='ocr_line' id='line_1_3' title="bbox 174 633 1350 710; baseline 0.004 -16"><span class='ocrx_word' id='word_1_13' title='bbox 174 633 323 695; x_wconf 86' lang='lat' dir='ltr'>Schneid.</span> <span class='ocrx_word' id='word_1_14' title='bbox 355 634 579 710; x_wconf 65' lang='lat' dir='ltr'>Stallbiebe),</span> <span class='ocrx_word' id='word_1_15' title='bbox 611 637 646 694; x_wconf 91' lang='lat' dir='ltr'>at</span> <span class='ocrx_word' id='word_1_16' title='bbox 667 634 791 693; x_wconf 85' lang='lat' dir='ltr'>omissa</span> <span class='ocrx_word' id='word_1_17' title='bbox 814 634 995 696; x_wconf 88' lang='lat' dir='ltr'>coniunctio</span> <span class='ocrx_word' id='word_1_18' title='bbox 1018 637 1198 698; x_wconf 88' lang='lat' dir='ltr'>orationem</span> <span class='ocrx_word' id='word_1_19' title='bbox 1221 638 1350 699; x_wconf 91' lang='lat' dir='ltr'>alacrio-</span> 
     </span>
     <span class='ocr_line' id='line_1_4' title="bbox 174 745 1350 825; baseline 0.006 -19"><span class='ocrx_word' id='word_1_20' title='bbox 174 762 246 807; x_wconf 87' lang='lat' dir='ltr'>rem</span> <span class='ocrx_word' id='word_1_21' title='bbox 270 748 382 809; x_wconf 81' lang='lat' dir='ltr'>reddit.</span> <span class='ocrx_word' id='word_1_22' title='bbox 403 748 482 808; x_wconf 77' lang='lat' dir='ltr'>Fere</span> <span class='ocrx_word' id='word_1_23' title='bbox 502 747 649 808; x_wconf 89' lang='lat' dir='ltr'>omnium</span> <span class='ocrx_word' id='word_1_24' title='bbox 669 746 756 808; x_wconf 87' lang='lat' dir='ltr'>codd.</span> <span class='ocrx_word' id='word_1_25' title='bbox 778 747 952 808; x_wconf 89' lang='lat' dir='ltr'>lectionem</span> <span class='ocrx_word' id='word_1_26' title='bbox 972 745 1111 825; x_wconf 77' lang='grc' dir='ltr'><strong><em>ἀλλήλαις</em></strong></span> <span class='ocrx_word' id='word_1_27' title='bbox 1129 751 1217 824; x_wconf 87' lang='lat' dir='ltr'>prob.</span> <span class='ocrx_word' id='word_1_28' title='bbox 1238 751 1350 813; x_wconf 88' lang='lat' dir='ltr'>Herm.</span> 
     </span>
     <span class='ocr_line' id='line_1_5' title="bbox 175 858 1352 939; baseline 0.005 -20"><span class='ocrx_word' id='word_1_29' title='bbox 175 859 260 921; x_wconf 88' lang='lat' dir='ltr'>Bait.</span> <span class='ocrx_word' id='word_1_30' title='bbox 281 859 422 938; x_wconf 73' lang='lat' dir='ltr'>(inmob,</span> <span class='ocrx_word' id='word_1_31' title='bbox 443 863 527 934; x_wconf 88' lang='lat' dir='ltr'>quod</span> <span class='ocrx_word' id='word_1_32' title='bbox 546 875 625 922; x_wconf 87' lang='lat' dir='ltr'>saue</span> <span class='ocrx_word' id='word_1_33' title='bbox 645 860 763 921; x_wconf 90' lang='lat' dir='ltr'>melius</span> <span class='ocrx_word' id='word_1_34' title='bbox 782 875 880 934; x_wconf 87' lang='lat' dir='ltr'>quam</span> <span class='ocrx_word' id='word_1_35' title='bbox 901 858 1042 939; x_wconf 79' lang='grc' dir='ltr'><strong><em>ἀλλήλοιν</em></strong></span> <span class='ocrx_word' id='word_1_36' title='bbox 1063 863 1179 934; x_wconf 83' lang='lat' dir='ltr'>(forma</span> <span class='ocrx_word' id='word_1_37' title='bbox 1196 865 1352 926; x_wconf 90' lang='lat' dir='ltr'>mendosa</span> 
     </span>
     <span class='ocr_line' id='line_1_6' title="bbox 175 969 838 1050; baseline 0.002 -18"><span class='ocrx_word' id='word_1_38' title='bbox 175 987 233 1047; x_wconf 89' lang='lat' dir='ltr'>pro</span> <span class='ocrx_word' id='word_1_39' title='bbox 256 969 417 1050; x_wconf 80' lang='grc' dir='ltr'><strong><em>ἀλλήλοιν).</em></strong></span> <span class='ocrx_word' id='word_1_40' title='bbox 836 973 838 978; x_wconf 82' lang='grc'>’</span> 
     </span>
    </p>

    <p class='ocr_par' dir='ltr' id='par_1_3' title="bbox 21 1078 1352 1628">
     <span class='ocr_line' id='line_1_7' title="bbox 21 1078 1350 1165; baseline 0.008 -24"><span class='ocrx_word' id='word_1_41' title='bbox 21 1081 81 1141; x_wconf 83' lang='grc'>423</span> <span class='ocrx_word' id='word_1_42' title='bbox 112 1078 147 1146; x_wconf 79' lang='grc' dir='ltr'>Α</span> <span class='ocrx_word' id='word_1_43' title='bbox 221 1085 326 1148; x_wconf 83' lang='lat' dir='ltr'>Unius</span> <span class='ocrx_word' id='word_1_44' title='bbox 359 1087 426 1148; x_wconf 90' lang='lat' dir='ltr'>cod.</span> <span class='ocrx_word' id='word_1_45' title='bbox 458 1087 531 1149; x_wconf 87' lang='lat' dir='ltr'>lect.</span> <span class='ocrx_word' id='word_1_46' title='bbox 564 1086 749 1162; x_wconf 65' lang='lat' dir='ltr'>desertore</span> <span class='ocrx_word' id='word_1_47' title='bbox 780 1085 948 1165; x_wconf 79' lang='grc' dir='ltr'><em>εὐδοκιμεῖν</em></span> <span class='ocrx_word' id='word_1_48' title='bbox 978 1091 1065 1150; x_wconf 89' lang='lat' dir='ltr'>recte</span> <span class='ocrx_word' id='word_1_49' title='bbox 1096 1090 1158 1151; x_wconf 88' lang='lat' dir='ltr'>Ast</span> <span class='ocrx_word' id='word_1_50' title='bbox 1181 1092 1215 1151; x_wconf 93' lang='lat' dir='ltr'>et</span> <span class='ocrx_word' id='word_1_51' title='bbox 1239 1091 1350 1153; x_wconf 79' lang='lat' dir='ltr'>etalio.</span> 
     </span>
     <span class='ocr_line' id='line_1_8' title="bbox 175 1199 1351 1279; baseline 0.004 -19"><span class='ocrx_word' id='word_1_52' title='bbox 175 1201 357 1263; x_wconf 85' lang='lat' dir='ltr'>servarunt.</span> <span class='ocrx_word' id='word_1_53' title='bbox 377 1200 485 1261; x_wconf 80' lang='lat' dir='ltr'>Etiam</span> <span class='ocrx_word' id='word_1_54' title='bbox 506 1201 651 1263; x_wconf 74' lang='lat' dir='ltr'><strong>Platonis</strong></span> <span class='ocrx_word' id='word_1_55' title='bbox 671 1201 786 1261; x_wconf 88' lang='lat' dir='ltr'>civitas</span> <span class='ocrx_word' id='word_1_56' title='bbox 807 1199 1000 1279; x_wconf 80' lang='grc' dir='ltr'><strong><em>εὐδοκίμησιν</em></strong></span> <span class='ocrx_word' id='word_1_57' title='bbox 1020 1218 1084 1264; x_wconf 89' lang='lat' dir='ltr'>non</span> <span class='ocrx_word' id='word_1_58' title='bbox 1103 1205 1243 1279; x_wconf 86' lang='lat' dir='ltr'>spernet,</span> <span class='ocrx_word' id='word_1_59' title='bbox 1256 1204 1351 1265; x_wconf 92' lang='lat' dir='ltr'>modo</span> 
     </span>
     <span class='ocr_line' id='line_1_9' title="bbox 174 1313 1351 1394; baseline 0.005 -20"><span class='ocrx_word' id='word_1_60' title='bbox 174 1313 294 1375; x_wconf 87' lang='lat' dir='ltr'>merita</span> <span class='ocrx_word' id='word_1_61' title='bbox 323 1314 376 1374; x_wconf 84' lang='lat' dir='ltr'>sit.</span> <span class='ocrx_word' id='word_1_62' title='bbox 408 1313 543 1375; x_wconf 87' lang='lat' dir='ltr'>Videtur</span> <span class='ocrx_word' id='word_1_63' title='bbox 573 1314 691 1388; x_wconf 85' lang='lat' dir='ltr'>aliquis</span> <span class='ocrx_word' id='word_1_64' title='bbox 715 1315 755 1375; x_wconf 86' lang='lat' dir='ltr'>ed</span> <span class='ocrx_word' id='word_1_65' title='bbox 780 1313 879 1375; x_wconf 80' lang='grc' dir='ltr'><strong><em>δοκεῖν</em></strong></span> <span class='ocrx_word' id='word_1_66' title='bbox 903 1317 1079 1378; x_wconf 77' lang='lat' dir='ltr'><strong>annotasse</strong></span> <span class='ocrx_word' id='word_1_67' title='bbox 1104 1314 1271 1394; x_wconf 77' lang='grc' dir='ltr'><strong><em>εὐδοκιμεῖν</em></strong></span> <span class='ocrx_word' id='word_1_68' title='bbox 1295 1322 1351 1389; x_wconf 82' lang='lat' dir='ltr'>(so.</span> 
     </span>
     <span class='ocr_line' id='line_1_10' title="bbox 173 1425 1350 1506; baseline 0.007 -21"><span class='ocrx_word' id='word_1_69' title='bbox 173 1425 293 1503; x_wconf 81' lang='grc' dir='ltr'><strong><em>δοκεῖν),</em></strong></span> <span class='ocrx_word' id='word_1_70' title='bbox 325 1427 439 1490; x_wconf 87' lang='lat' dir='ltr'>deinde</span> <span class='ocrx_word' id='word_1_71' title='bbox 461 1431 498 1488; x_wconf 93' lang='lat' dir='ltr'>ut</span> <span class='ocrx_word' id='word_1_72' title='bbox 522 1429 653 1503; x_wconf 88' lang='lat' dir='ltr'>saepius</span> <span class='ocrx_word' id='word_1_73' title='bbox 676 1429 801 1489; x_wconf 88' lang='lat' dir='ltr'>iactum</span> <span class='ocrx_word' id='word_1_74' title='bbox 825 1430 885 1505; x_wconf 89' lang='lat' dir='ltr'>est,</span> <span class='ocrx_word' id='word_1_75' title='bbox 910 1430 1051 1504; x_wconf 84' lang='lat' dir='ltr'>genuina</span> <span class='ocrx_word' id='word_1_76' title='bbox 1074 1446 1139 1491; x_wconf 83' lang='lat' dir='ltr'>vox</span> <span class='ocrx_word' id='word_1_77' title='bbox 1162 1432 1350 1506; x_wconf 87' lang='lat' dir='ltr'>interpreta-</span> 
     </span>
     <span class='ocr_line' id='line_1_11' title="bbox 174 1536 1352 1628; baseline 0.002 -26"><span class='ocrx_word' id='word_1_78' title='bbox 174 1543 286 1604; x_wconf 79' lang='lat' dir='ltr'>mento</span> <span class='ocrx_word' id='word_1_79' title='bbox 307 1541 402 1616; x_wconf 83' lang='lat' dir='ltr'>pulsa</span> <span class='ocrx_word' id='word_1_80' title='bbox 425 1557 506 1604; x_wconf 81' lang='lat' dir='ltr'>esse.</span> <span class='ocrx_word' id='word_1_81' title='bbox 534 1541 574 1602; x_wconf 86' lang='grc' dir='ltr'>Τὸ</span> <span class='ocrx_word' id='word_1_82' title='bbox 597 1539 638 1614; x_wconf 81' lang='grc' dir='ltr'>ὡς</span> <span class='ocrx_word' id='word_1_83' title='bbox 661 1539 783 1620; x_wconf 80' lang='grc' dir='ltr'><strong><em>ἀληθῶς</em></strong></span> <span class='ocrx_word' id='word_1_84' title='bbox 804 1542 942 1623; x_wconf 79' lang='grc' dir='ltr'><strong><em>μεγίστην</em></strong></span> <span class='ocrx_word' id='word_1_85' title='bbox 962 1536 1038 1603; x_wconf 75' lang='grc' dir='ltr'><strong><em>εἶναι</em></strong></span> <span class='ocrx_word' id='word_1_86' title='bbox 1059 1545 1173 1628; x_wconf 75' lang='grc' dir='ltr'><strong>11111τςδ</strong></span> <span class='ocrx_word' id='word_1_87' title='bbox 1192 1555 1232 1628; x_wconf 76' lang='grc' dir='ltr'>τῷ</span> <span class='ocrx_word' id='word_1_88' title='bbox 1253 1545 1352 1606; x_wconf 78' lang='grc' dir='ltr'><strong><em>δοκεῖν</em></strong></span> 
     </span>
    </p>

    <p class='ocr_par' dir='ltr' id='par_1_4' title="bbox 107 1647 1356 3211">
     <span class='ocr_line' id='line_1_12' title="bbox 107 1647 1349 1741; baseline 0.005 -27"><span class='ocrx_word' id='word_1_89' title='bbox 107 1663 144 1728; x_wconf 88' lang='grc' dir='ltr'>Ῑ)</span> <span class='ocrx_word' id='word_1_90' title='bbox 175 1677 203 1731; x_wconf 93' lang='grc' dir='ltr'>μ.</span> <span class='ocrx_word' id='word_1_91' title='bbox 227 1648 303 1714; x_wconf 87' lang='grc' dir='ltr'><strong><em>είνκι</em></strong></span> <span class='ocrx_word' id='word_1_92' title='bbox 327 1657 441 1730; x_wconf 87' lang='lat' dir='ltr'>opponi</span> <span class='ocrx_word' id='word_1_93' title='bbox 464 1657 580 1730; x_wconf 88' lang='lat' dir='ltr'>potest.</span> <span class='ocrx_word' id='word_1_94' title='bbox 606 1647 626 1741; x_wconf 86' lang='grc' dir='ltr'>ΙΙ</span> <span class='ocrx_word' id='word_1_95' title='bbox 650 1657 836 1730; x_wconf 88' lang='lat' dir='ltr'>Legendum</span> <span class='ocrx_word' id='word_1_96' title='bbox 860 1673 932 1718; x_wconf 88' lang='lat' dir='ltr'>esse</span> <span class='ocrx_word' id='word_1_97' title='bbox 956 1659 1034 1732; x_wconf 88' lang='lat' dir='ltr'>puto</span> <span class='ocrx_word' id='word_1_98' title='bbox 1058 1655 1132 1737; x_wconf 85' lang='grc' dir='ltr'><strong><em>κρδς</em></strong></span> <span class='ocrx_word' id='word_1_99' title='bbox 1155 1665 1241 1718; x_wconf 78' lang='grc' dir='ltr'><strong><em>τοῦτο</em></strong></span> <span class='ocrx_word' id='word_1_100' title='bbox 1267 1660 1297 1729; x_wconf 83' lang='lat' dir='ltr'>(i.</span> <span class='ocrx_word' id='word_1_101' title='bbox 1323 1674 1349 1720; x_wconf 90' lang='lat' dir='ltr'>e.</span> 
     </span>
     <span class='ocr_line' id='line_1_13' title="bbox 178 1766 1353 1852; baseline 0.003 -23"><span class='ocrx_word' id='word_1_102' title='bbox 178 1771 357 1831; x_wconf 82' lang='lat' dir='ltr'>secundum</span> <span class='ocrx_word' id='word_1_103' title='bbox 386 1771 428 1840; x_wconf 84' lang='lat' dir='ltr'>id)</span> <span class='ocrx_word' id='word_1_104' title='bbox 461 1766 536 1842; x_wconf 76' lang='grc' dir='ltr'><strong><em>[ἕνα]</em></strong></span> <span class='ocrx_word' id='word_1_105' title='bbox 568 1769 642 1851; x_wconf 78' lang='grc' dir='ltr'><strong><em>πρὸς</em></strong></span> <span class='ocrx_word' id='word_1_106' title='bbox 664 1770 701 1830; x_wconf 69' lang='grc' dir='ltr'><strong><em>ἓν</em></strong></span> <span class='ocrx_word' id='word_1_107' title='bbox 721 1767 843 1830; x_wconf 72' lang='grc' dir='ltr'><strong><em>ἕκαστον</em></strong></span> <span class='ocrx_word' id='word_1_108' title='bbox 867 1768 954 1849; x_wconf 78' lang='grc' dir='ltr'><strong><em>ἔργον</em></strong></span> <span class='ocrx_word' id='word_1_109' title='bbox 978 1769 1027 1829; x_wconf 87' lang='grc' dir='ltr'>δεῖ</span> <span class='ocrx_word' id='word_1_110' title='bbox 1045 1770 1175 1848; x_wconf 78' lang='grc' dir='ltr'><strong><em>κομίζειν</em></strong></span> <span class='ocrx_word' id='word_1_111' title='bbox 1198 1773 1256 1832; x_wconf 82' lang='lat' dir='ltr'>aut</span> <span class='ocrx_word' id='word_1_112' title='bbox 1278 1769 1353 1852; x_wconf 81' lang='grc' dir='ltr'><strong><em>πρὸς</em></strong></span> 
     </span>
     <span class='ocr_line' id='line_1_14' title="bbox 176 1879 1352 1962; baseline 0.003 -20"><span class='ocrx_word' id='word_1_113' title='bbox 176 1890 262 1944; x_wconf 79' lang='grc' dir='ltr'><strong><em>τοῦτο</em></strong></span> <span class='ocrx_word' id='word_1_114' title='bbox 289 1879 343 1942; x_wconf 71' lang='grc' dir='ltr'><strong><em>ἕνα</em></strong></span> <span class='ocrx_word' id='word_1_115' title='bbox 364 1880 439 1962; x_wconf 72' lang='grc' dir='ltr'><strong><em>ατρὸς</em></strong></span> <span class='ocrx_word' id='word_1_116' title='bbox 458 1883 494 1942; x_wconf 62' lang='grc' dir='ltr'><strong><em>ἓν</em></strong></span> <span class='ocrx_word' id='word_1_117' title='bbox 519 1880 663 1955; x_wconf 76' lang='grc' dir='ltr'><strong><em>[ἕκαστον]</em></strong></span> <span class='ocrx_word' id='word_1_118' title='bbox 688 1881 774 1962; x_wconf 77' lang='grc' dir='ltr'><strong><em>ἔργον</em></strong></span> <span class='ocrx_word' id='word_1_119' title='bbox 797 1887 857 1960; x_wconf 87' lang='grc' dir='ltr'><strong><em>κτλ,</em></strong></span> <span class='ocrx_word' id='word_1_120' title='bbox 881 1897 956 1943; x_wconf 82' lang='lat' dir='ltr'>cum</span> <span class='ocrx_word' id='word_1_121' title='bbox 980 1884 1113 1958; x_wconf 75' lang='lat' dir='ltr'>vulgata</span> <span class='ocrx_word' id='word_1_122' title='bbox 1136 1885 1269 1945; x_wconf 82' lang='lat' dir='ltr'>ridicule</span> <span class='ocrx_word' id='word_1_123' title='bbox 1292 1886 1352 1960; x_wconf 83' lang='lat' dir='ltr'>sig-</span> 
     </span>
     <span class='ocr_line' id='line_1_15' title="bbox 158 1986 1352 2075; baseline -0.001 -17"><span class='ocrx_word' id='word_1_124' title='bbox 158 1986 286 2058; x_wconf 81' lang='lat' dir='ltr'>nificet</span> <span class='ocrx_word' id='word_1_125' title='bbox 308 2013 371 2058; x_wconf 90' lang='lat' dir='ltr'>non</span> <span class='ocrx_word' id='word_1_126' title='bbox 394 1997 491 2058; x_wconf 87' lang='lat' dir='ltr'>licere</span> <span class='ocrx_word' id='word_1_127' title='bbox 512 1999 622 2073; x_wconf 88' lang='lat' dir='ltr'>plures</span> <span class='ocrx_word' id='word_1_128' title='bbox 646 2013 709 2058; x_wconf 91' lang='lat' dir='ltr'>uno</span> <span class='ocrx_word' id='word_1_129' title='bbox 732 1999 772 2058; x_wconf 87' lang='lat' dir='ltr'>ad</span> <span class='ocrx_word' id='word_1_130' title='bbox 796 1997 1047 2070; x_wconf 90' lang='lat' dir='ltr'>unumquodque</span> <span class='ocrx_word' id='word_1_131' title='bbox 1071 1997 1245 2060; x_wconf 88' lang='lat' dir='ltr'>artificium</span> <span class='ocrx_word' id='word_1_132' title='bbox 1269 1998 1352 2075; x_wconf 91' lang='grc' dir='ltr'><strong><em>κομί-</em></strong></span> 
     </span>
     <span class='ocr_line' id='line_1_16' title="bbox 177 2112 1352 2187; baseline 0.003 -17"><span class='ocrx_word' id='word_1_133' title='bbox 177 2112 247 2187; x_wconf 77' lang='grc' dir='ltr'><strong><em>ζειν,</em></strong></span> <span class='ocrx_word' id='word_1_134' title='bbox 264 2112 374 2184; x_wconf 90' lang='lat' dir='ltr'>itaque</span> <span class='ocrx_word' id='word_1_135' title='bbox 390 2127 441 2172; x_wconf 86' lang='lat' dir='ltr'>ex.</span> <span class='ocrx_word' id='word_1_136' title='bbox 459 2127 505 2185; x_wconf 89' lang='lat' dir='ltr'>gr.</span> <span class='ocrx_word' id='word_1_137' title='bbox 522 2127 624 2172; x_wconf 90' lang='lat' dir='ltr'>unum</span> <span class='ocrx_word' id='word_1_138' title='bbox 643 2112 773 2172; x_wconf 88' lang='lat' dir='ltr'>tantum</span> <span class='ocrx_word' id='word_1_139' title='bbox 796 2113 952 2187; x_wconf 84' lang='lat' dir='ltr'>sutorem,</span> <span class='ocrx_word' id='word_1_140' title='bbox 972 2126 1075 2172; x_wconf 90' lang='lat' dir='ltr'>unum</span> <span class='ocrx_word' id='word_1_141' title='bbox 1095 2113 1271 2185; x_wconf 83' lang='lat' dir='ltr'>agricolam</span> <span class='ocrx_word' id='word_1_142' title='bbox 1291 2114 1352 2174; x_wconf 86' lang='lat' dir='ltr'>etc.</span> 
     </span>
     <span class='ocr_line' id='line_1_17' title="bbox 177 2224 1352 2296; baseline 0.003 -12"><span class='ocrx_word' id='word_1_143' title='bbox 177 2224 211 2284; x_wconf 90' lang='lat' dir='ltr'>in</span> <span class='ocrx_word' id='word_1_144' title='bbox 242 2224 407 2285; x_wconf 89' lang='lat' dir='ltr'>Platonica</span> <span class='ocrx_word' id='word_1_145' title='bbox 437 2225 569 2285; x_wconf 87' lang='lat' dir='ltr'>civitate</span> <span class='ocrx_word' id='word_1_146' title='bbox 598 2225 746 2285; x_wconf 87' lang='lat' dir='ltr'>futurum</span> <span class='ocrx_word' id='word_1_147' title='bbox 774 2239 856 2285; x_wconf 90' lang='lat' dir='ltr'>esse.</span> <span class='ocrx_word' id='word_1_148' title='bbox 881 2225 955 2285; x_wconf 86' lang='lat' dir='ltr'>Mox</span> <span class='ocrx_word' id='word_1_149' title='bbox 979 2227 1066 2286; x_wconf 87' lang='lat' dir='ltr'>recte</span> <span class='ocrx_word' id='word_1_150' title='bbox 1088 2225 1194 2286; x_wconf 80' lang='lat' dir='ltr'>Nabar</span> <span class='ocrx_word' id='word_1_151' title='bbox 1217 2225 1352 2296; x_wconf 75' lang='lat' dir='ltr'>(eornm.</span> 
     </span>
     <span class='ocr_line' id='line_1_18' title="bbox 120 2336 1350 2420; baseline 0.001 -22"><span class='ocrx_word' id='word_1_152' title='bbox 120 2336 152 2402; x_wconf 81' lang='grc' dir='ltr'>Ε</span> <span class='ocrx_word' id='word_1_153' title='bbox 177 2337 259 2398; x_wconf 90' lang='lat' dir='ltr'>Plat.</span> <span class='ocrx_word' id='word_1_154' title='bbox 284 2338 299 2396; x_wconf 93' lang='grc' dir='ltr'>Ι</span> <span class='ocrx_word' id='word_1_155' title='bbox 324 2337 420 2408; x_wconf 85' lang='grc'><strong>1862)</strong></span> <span class='ocrx_word' id='word_1_156' title='bbox 444 2353 557 2399; x_wconf 83' lang='lat' dir='ltr'>vocem</span> <span class='ocrx_word' id='word_1_157' title='bbox 578 2338 743 2414; x_wconf 71' lang='grc' dir='ltr'><strong><em>Ἀδείμαντε</em></strong></span> <span class='ocrx_word' id='word_1_158' title='bbox 763 2339 932 2413; x_wconf 81' lang='lat' dir='ltr'><strong>expunxit,</strong></span> <span class='ocrx_word' id='word_1_159' title='bbox 954 2339 1008 2399; x_wconf 89' lang='lat' dir='ltr'>vid</span> <span class='ocrx_word' id='word_1_160' title='bbox 1027 2339 1114 2399; x_wconf 90' lang='lat' dir='ltr'>dicta</span> <span class='ocrx_word' id='word_1_161' title='bbox 1133 2340 1173 2399; x_wconf 86' lang='lat' dir='ltr'>ad</span> <span class='ocrx_word' id='word_1_162' title='bbox 1194 2341 1258 2400; x_wconf 80' lang='lat'>354</span> <span class='ocrx_word' id='word_1_163' title='bbox 1278 2340 1316 2400; x_wconf 87' lang='lat' dir='ltr'>A.</span> <span class='ocrx_word' id='word_1_164' title='bbox 1334 2337 1350 2420; x_wconf 85' lang='grc'>))</span> 
     </span>
     <span class='ocr_line' id='line_1_19' title="bbox 177 2445 1354 2530; baseline 0.003 -21"><span class='ocrx_word' id='word_1_165' title='bbox 177 2450 317 2523; x_wconf 81' lang='lat' dir='ltr'>Vulgata</span> <span class='ocrx_word' id='word_1_166' title='bbox 348 2447 398 2509; x_wconf 85' lang='grc' dir='ltr'>καί</span> <span class='ocrx_word' id='word_1_167' title='bbox 425 2450 529 2530; x_wconf 79' lang='grc' dir='ltr'><strong><em>γάμων</em></strong></span> <span class='ocrx_word' id='word_1_168' title='bbox 559 2455 609 2510; x_wconf 89' lang='grc' dir='ltr'><strong><em>κτλ</em></strong></span> <span class='ocrx_word' id='word_1_169' title='bbox 632 2454 815 2513; x_wconf 88' lang='lat' dir='ltr'>necessario</span> <span class='ocrx_word' id='word_1_170' title='bbox 840 2453 989 2525; x_wconf 87' lang='lat' dir='ltr'>corrupta</span> <span class='ocrx_word' id='word_1_171' title='bbox 1012 2454 1078 2513; x_wconf 90' lang='lat' dir='ltr'>est:</span> <span class='ocrx_word' id='word_1_172' title='bbox 1105 2445 1156 2522; x_wconf 84' lang='lat'>(1⁰)</span> <span class='ocrx_word' id='word_1_173' title='bbox 1180 2467 1261 2526; x_wconf 86' lang='lat' dir='ltr'>opus</span> <span class='ocrx_word' id='word_1_174' title='bbox 1284 2453 1354 2512; x_wconf 89' lang='lat' dir='ltr'>erat</span> 
     </span>
     <span class='ocr_line' id='line_1_20' title="bbox 181 2562 1353 2644; baseline 0 -20"><span class='ocrx_word' id='word_1_175' title='bbox 181 2562 317 2641; x_wconf 71' lang='grc' dir='ltr'><strong><em>&lt;τὴν&gt;</em></strong></span> <span class='ocrx_word' id='word_1_176' title='bbox 342 2563 456 2644; x_wconf 82' lang='grc' dir='ltr'><strong><em>γάμων,</em></strong></span> <span class='ocrx_word' id='word_1_177' title='bbox 479 2566 546 2636; x_wconf 80' lang='lat'>(11⁰)</span> <span class='ocrx_word' id='word_1_178' title='bbox 571 2579 639 2626; x_wconf 86' lang='lat' dir='ltr'>voe.</span> <span class='ocrx_word' id='word_1_179' title='bbox 665 2573 768 2642; x_wconf 79' lang='grc' dir='ltr'><strong><em>κτῆσιν</em></strong></span> <span class='ocrx_word' id='word_1_180' title='bbox 792 2566 833 2626; x_wconf 84' lang='lat' dir='ltr'>ad</span> <span class='ocrx_word' id='word_1_181' title='bbox 856 2563 959 2644; x_wconf 81' lang='grc' dir='ltr'><strong><em>γάμων</em></strong></span> <span class='ocrx_word' id='word_1_182' title='bbox 979 2566 1012 2624; x_wconf 83' lang='lat' dir='ltr'>et</span> <span class='ocrx_word' id='word_1_183' title='bbox 1031 2563 1222 2635; x_wconf 81' lang='grc' dir='ltr'><strong><em>παιδοποιίας</em></strong></span> <span class='ocrx_word' id='word_1_184' title='bbox 1243 2566 1353 2624; x_wconf 81' lang='lat' dir='ltr'>mente</span> 
     </span>
     <span class='ocr_line' id='line_1_21' title="bbox 177 2677 1354 2755; baseline 0 -17"><span class='ocrx_word' id='word_1_185' title='bbox 177 2678 319 2754; x_wconf 87' lang='lat' dir='ltr'>suppleri</span> <span class='ocrx_word' id='word_1_186' title='bbox 337 2680 450 2752; x_wconf 87' lang='lat' dir='ltr'>nequit</span> <span class='ocrx_word' id='word_1_187' title='bbox 469 2678 619 2753; x_wconf 83' lang='lat' dir='ltr'>(eampb:</span> <span class='ocrx_word' id='word_1_188' title='bbox 643 2681 755 2755; x_wconf 83' lang='lat' dir='ltr'>„these</span> <span class='ocrx_word' id='word_1_189' title='bbox 777 2678 877 2752; x_wconf 79' lang='lat' dir='ltr'>genii.</span> <span class='ocrx_word' id='word_1_190' title='bbox 896 2677 1037 2752; x_wconf 81' lang='lat' dir='ltr'>depende</span> <span class='ocrx_word' id='word_1_191' title='bbox 1057 2692 1142 2751; x_wconf 87' lang='lat' dir='ltr'>upon</span> <span class='ocrx_word' id='word_1_192' title='bbox 1161 2693 1253 2738; x_wconf 89' lang='lat' dir='ltr'>some</span> <span class='ocrx_word' id='word_1_193' title='bbox 1266 2679 1354 2738; x_wconf 88' lang='lat' dir='ltr'>word</span> 
     </span>
     <span class='ocr_line' id='line_1_22' title="bbox 177 2786 1354 2867; baseline -0.003 -13"><span class='ocrx_word' id='word_1_194' title='bbox 177 2793 213 2854; x_wconf 91' lang='lat' dir='ltr'>oi</span> <span class='ocrx_word' id='word_1_195' title='bbox 236 2807 326 2854; x_wconf 89' lang='lat' dir='ltr'>more</span> <span class='ocrx_word' id='word_1_196' title='bbox 349 2792 481 2866; x_wconf 83' lang='lat' dir='ltr'>general</span> <span class='ocrx_word' id='word_1_197' title='bbox 503 2793 656 2866; x_wconf 83' lang='lat' dir='ltr'>meaning</span> <span class='ocrx_word' id='word_1_198' title='bbox 679 2792 826 2866; x_wconf 81' lang='lat' dir='ltr'>supplied</span> <span class='ocrx_word' id='word_1_199' title='bbox 848 2791 931 2851; x_wconf 85' lang='lat' dir='ltr'>from</span> <span class='ocrx_word' id='word_1_200' title='bbox 955 2795 1080 2866; x_wconf 79' lang='grc' dir='ltr'><strong><em>κτῆσιν),</em></strong></span> <span class='ocrx_word' id='word_1_201' title='bbox 1105 2791 1188 2862; x_wconf 82' lang='lat'>(111⁰)</span> <span class='ocrx_word' id='word_1_202' title='bbox 1212 2786 1231 2866; x_wconf 81' lang='grc' dir='ltr'>ι)</span> <span class='ocrx_word' id='word_1_203' title='bbox 1254 2797 1354 2867; x_wconf 77' lang='grc' dir='ltr'><strong><em>κτῆσις</em></strong></span> 
     </span>
     <span class='ocr_line' id='line_1_23' title="bbox 176 2899 1355 2985; baseline -0.001 -20"><span class='ocrx_word' id='word_1_204' title='bbox 176 2902 196 2984; x_wconf 83' lang='grc' dir='ltr'>ο)</span> <span class='ocrx_word' id='word_1_205' title='bbox 227 2913 286 2966; x_wconf 80' lang='grc' dir='ltr'><strong><em>τῶν</em></strong></span> <span class='ocrx_word' id='word_1_206' title='bbox 316 2914 467 2985; x_wconf 84' lang='grc' dir='ltr'><strong><em>γυναικῶν</em></strong></span> <span class='ocrx_word' id='word_1_207' title='bbox 499 2905 660 2978; x_wconf 87' lang='lat' dir='ltr'>significat</span> <span class='ocrx_word' id='word_1_208' title='bbox 675 2899 696 2976; x_wconf 83' lang='lat'>¹)</span> <span class='ocrx_word' id='word_1_209' title='bbox 726 2904 759 2965; x_wconf 83' lang='grc' dir='ltr'>τὸ</span> <span class='ocrx_word' id='word_1_210' title='bbox 789 2909 904 2984; x_wconf 81' lang='grc' dir='ltr'><strong><em>γαμεῖν,</em></strong></span> <span class='ocrx_word' id='word_1_211' title='bbox 927 2905 1036 2977; x_wconf 78' lang='lat' dir='ltr'>itaque</span> <span class='ocrx_word' id='word_1_212' title='bbox 1060 2904 1155 2979; x_wconf 80' lang='lat' dir='ltr'>plane</span> <span class='ocrx_word' id='word_1_213' title='bbox 1178 2903 1234 2964; x_wconf 85' lang='lat' dir='ltr'>illa</span> <span class='ocrx_word' id='word_1_214' title='bbox 1257 2906 1355 2965; x_wconf 87' lang='lat' dir='ltr'>verba</span> 
     </span>
     <span class='ocr_line' id='line_1_24' title="bbox 175 3017 1355 3102; baseline -0.002 -22"><span class='ocrx_word' id='word_1_215' title='bbox 175 3017 225 3080; x_wconf 83' lang='grc' dir='ltr'>καί</span> <span class='ocrx_word' id='word_1_216' title='bbox 247 3018 351 3100; x_wconf 79' lang='grc' dir='ltr'><strong><em>γάμων</em></strong></span> <span class='ocrx_word' id='word_1_217' title='bbox 374 3020 548 3081; x_wconf 88' lang='lat' dir='ltr'>abundant.</span> <span class='ocrx_word' id='word_1_218' title='bbox 572 3020 641 3080; x_wconf 89' lang='lat' dir='ltr'>Has</span> <span class='ocrx_word' id='word_1_219' title='bbox 665 3020 704 3079; x_wconf 94' lang='lat' dir='ltr'>ob</span> <span class='ocrx_word' id='word_1_220' title='bbox 728 3033 846 3080; x_wconf 82' lang='lat' dir='ltr'>causas</span> <span class='ocrx_word' id='word_1_221' title='bbox 869 3018 1038 3091; x_wconf 87' lang='lat' dir='ltr'>vulgatam</span> <span class='ocrx_word' id='word_1_222' title='bbox 1057 3034 1121 3079; x_wconf 90' lang='lat' dir='ltr'>non</span> <span class='ocrx_word' id='word_1_223' title='bbox 1138 3033 1257 3102; x_wconf 83' lang='lat' dir='ltr'>sanam</span> <span class='ocrx_word' id='word_1_224' title='bbox 1278 3020 1355 3093; x_wconf 91' lang='lat' dir='ltr'>puto</span> 
     </span>
     <span class='ocr_line' id='line_1_25' title="bbox 174 3130 1356 3211; baseline -0.007 -13"><span class='ocrx_word' id='word_1_225' title='bbox 174 3137 208 3200; x_wconf 82' lang='lat' dir='ltr'>et</span> <span class='ocrx_word' id='word_1_226' title='bbox 240 3136 326 3196; x_wconf 89' lang='lat' dir='ltr'>huno</span> <span class='ocrx_word' id='word_1_227' title='bbox 357 3133 391 3194; x_wconf 91' lang='lat' dir='ltr'>in</span> <span class='ocrx_word' id='word_1_228' title='bbox 421 3134 554 3194; x_wconf 90' lang='lat' dir='ltr'>modum</span> <span class='ocrx_word' id='word_1_229' title='bbox 585 3133 826 3207; x_wconf 79' lang='lat' dir='ltr'>corrigendam:</span> <span class='ocrx_word' id='word_1_230' title='bbox 858 3130 912 3210; x_wconf 79' lang='grc' dir='ltr'><strong><em>τήν</em></strong></span> <span class='ocrx_word' id='word_1_231' title='bbox 944 3153 973 3192; x_wconf 85' lang='grc' dir='ltr'>ιε</span> <span class='ocrx_word' id='word_1_232' title='bbox 996 3139 1054 3191; x_wconf 82' lang='grc' dir='ltr'><strong><em>τῶν</em></strong></span> <span class='ocrx_word' id='word_1_233' title='bbox 1077 3139 1229 3211; x_wconf 83' lang='grc' dir='ltr'><strong><em>γυναικῶν</em></strong></span> <span class='ocrx_word' id='word_1_234' title='bbox 1253 3139 1356 3208; x_wconf 71' lang='grc' dir='ltr'><strong><em>κτῆσιν</em></strong></span> 
     </span>
    </p>
   </div>
   <div class='ocr_carea' id='block_1_3' title="bbox 177 3240 1356 3328">
    <p class='ocr_par' dir='ltr' id='par_1_5' title="bbox 177 3240 1356 3328">
     <span class='ocr_line' id='line_1_26' title="bbox 177 3240 1356 3328; baseline -0.004 -20"><span class='ocrx_word' id='word_1_235' title='bbox 177 3245 238 3320; x_wconf 81' lang='grc' dir='ltr'><strong><em>[καί</em></strong></span> <span class='ocrx_word' id='word_1_236' title='bbox 256 3247 371 3328; x_wconf 84' lang='grc' dir='ltr'><strong><em>γάμων]</em></strong></span> <span class='ocrx_word' id='word_1_237' title='bbox 393 3245 443 3306; x_wconf 83' lang='grc' dir='ltr'>καί</span> <span class='ocrx_word' id='word_1_238' title='bbox 466 3245 599 3324; x_wconf 85' lang='grc' dir='ltr'><strong><em>&lt;τὰς&gt;</em></strong></span> <span class='ocrx_word' id='word_1_239' title='bbox 622 3240 850 3318; x_wconf 59' lang='grc' dir='ltr'><strong><em>παιδοποιίας)</em></strong></span> <span class='ocrx_word' id='word_1_240' title='bbox 870 3249 939 3323; x_wconf 73' lang='grc' dir='ltr'><strong><em>κτλ,</em></strong></span> <span class='ocrx_word' id='word_1_241' title='bbox 959 3242 1356 3326; x_wconf 70' lang='grc' dir='ltr'><strong><em>01449οπερ1γιωναικῶν</em></strong></span> 
     </span>
    </p>
   </div>
   <div class='ocr_carea' id='block_1_4' title="bbox 34 3355 1360 4231">
    <p class='ocr_par' dir='ltr' id='par_1_6' title="bbox 175 3355 1358 3782">
     <span class='ocr_line' id='line_1_27' title="bbox 175 3355 1358 3439; baseline -0.003 -18"><span class='ocrx_word' id='word_1_242' title='bbox 175 3383 204 3422; x_wconf 81' lang='grc' dir='ltr'>τε</span> <span class='ocrx_word' id='word_1_243' title='bbox 223 3359 274 3422; x_wconf 78' lang='grc' dir='ltr'><strong><em>καὶ</em></strong></span> <span class='ocrx_word' id='word_1_244' title='bbox 293 3360 421 3438; x_wconf 78' lang='grc' dir='ltr'><strong><em>παίδων,</em></strong></span> <span class='ocrx_word' id='word_1_245' title='bbox 440 3362 506 3422; x_wconf 83' lang='grc'>450</span> <span class='ocrx_word' id='word_1_246' title='bbox 522 3361 545 3422; x_wconf 74' lang='grc'><strong>(1</strong></span> <span class='ocrx_word' id='word_1_247' title='bbox 563 3356 583 3438; x_wconf 80' lang='grc' dir='ltr'><em>ἡ</em></span> <span class='ocrx_word' id='word_1_248' title='bbox 603 3359 746 3421; x_wconf 83' lang='grc' dir='ltr'><strong><em>κοινωνία</em></strong></span> <span class='ocrx_word' id='word_1_249' title='bbox 759 3405 844 3419; x_wconf 91' lang='grc'><strong>.....</strong></span> <span class='ocrx_word' id='word_1_250' title='bbox 857 3359 975 3419; x_wconf 83' lang='grc' dir='ltr'><strong><em>παίδων</em></strong></span> <span class='ocrx_word' id='word_1_251' title='bbox 995 3379 1025 3418; x_wconf 86' lang='grc' dir='ltr'>τε</span> <span class='ocrx_word' id='word_1_252' title='bbox 1044 3355 1110 3436; x_wconf 78' lang='grc' dir='ltr'><strong><em>πέρι</em></strong></span> <span class='ocrx_word' id='word_1_253' title='bbox 1130 3356 1182 3419; x_wconf 84' lang='grc' dir='ltr'>καί</span> <span class='ocrx_word' id='word_1_254' title='bbox 1196 3367 1358 3439; x_wconf 85' lang='grc' dir='ltr'><strong><em>γυναικῶν,</em></strong></span> 
     </span>
     <span class='ocr_line' id='line_1_28' title="bbox 179 3472 1357 3551; baseline -0.005 -15"><span class='ocrx_word' id='word_1_255' title='bbox 179 3476 295 3550; x_wconf 85' lang='lat' dir='ltr'>quibus</span> <span class='ocrx_word' id='word_1_256' title='bbox 325 3476 405 3537; x_wconf 88' lang='lat' dir='ltr'>locis</span> <span class='ocrx_word' id='word_1_257' title='bbox 435 3476 651 3551; x_wconf 86' lang='lat' dir='ltr'>respiciuntur</span> <span class='ocrx_word' id='word_1_258' title='bbox 676 3490 725 3551; x_wconf 90' lang='lat' dir='ltr'>ea,</span> <span class='ocrx_word' id='word_1_259' title='bbox 750 3490 832 3548; x_wconf 88' lang='lat' dir='ltr'>quae</span> <span class='ocrx_word' id='word_1_260' title='bbox 854 3475 965 3534; x_wconf 88' lang='lat' dir='ltr'>nostro</span> <span class='ocrx_word' id='word_1_261' title='bbox 988 3473 1058 3533; x_wconf 91' lang='lat' dir='ltr'>ioco</span> <span class='ocrx_word' id='word_1_262' title='bbox 1082 3472 1173 3532; x_wconf 83' lang='lat' dir='ltr'>dixit.</span> <span class='ocrx_word' id='word_1_263' title='bbox 1200 3472 1357 3533; x_wconf 86' lang='lat' dir='ltr'>Richards</span> 
     </span>
     <span class='ocr_line' id='line_1_29' title="bbox 178 3583 1358 3667; baseline -0.008 -13"><span class='ocrx_word' id='word_1_264' title='bbox 178 3589 291 3660; x_wconf 81' lang='lat' dir='ltr'>(Olass.</span> <span class='ocrx_word' id='word_1_265' title='bbox 315 3589 394 3650; x_wconf 88' lang='lat' dir='ltr'>Rev.</span> <span class='ocrx_word' id='word_1_266' title='bbox 421 3590 516 3660; x_wconf 83' lang='lat'>1893)</span> <span class='ocrx_word' id='word_1_267' title='bbox 540 3604 597 3663; x_wconf 90' lang='lat' dir='ltr'>pro</span> <span class='ocrx_word' id='word_1_268' title='bbox 619 3586 722 3667; x_wconf 84' lang='grc' dir='ltr'><strong><em>γάμων</em></strong></span> <span class='ocrx_word' id='word_1_269' title='bbox 744 3587 928 3660; x_wconf 84' lang='lat' dir='ltr'>requirebat</span> <span class='ocrx_word' id='word_1_270' title='bbox 949 3583 1074 3665; x_wconf 80' lang='grc' dir='ltr'><strong><em>γάμους,</em></strong></span> <span class='ocrx_word' id='word_1_271' title='bbox 1096 3584 1217 3659; x_wconf 87' lang='lat' dir='ltr'>optime</span> <span class='ocrx_word' id='word_1_272' title='bbox 1242 3584 1271 3644; x_wconf 90' lang='lat' dir='ltr'>si</span> <span class='ocrx_word' id='word_1_273' title='bbox 1293 3599 1358 3644; x_wconf 91' lang='lat' dir='ltr'>non</span> 
     </span>
     <span class='ocr_line' id='line_1_30' title="bbox 178 3699 732 3782; baseline -0.004 -19"><span class='ocrx_word' id='word_1_274' title='bbox 178 3699 198 3780; x_wconf 79' lang='grc' dir='ltr'>ο)</span> <span class='ocrx_word' id='word_1_275' title='bbox 221 3711 280 3763; x_wconf 85' lang='grc' dir='ltr'><strong><em>τῶν</em></strong></span> <span class='ocrx_word' id='word_1_276' title='bbox 302 3724 368 3782; x_wconf 88' lang='grc' dir='ltr'><strong><em>γαν.</em></strong></span> <span class='ocrx_word' id='word_1_277' title='bbox 392 3709 492 3780; x_wconf 75' lang='grc' dir='ltr'><strong><em>κτῆσις</em></strong></span> <span class='ocrx_word' id='word_1_278' title='bbox 515 3702 732 3776; x_wconf 75' lang='lat' dir='ltr'>praecederet.</span> 
     </span>
    </p>

    <p class='ocr_par' dir='ltr' id='par_1_7' title="bbox 34 3810 1360 4231">
     <span class='ocr_line' id='line_1_31' title="bbox 34 3810 1356 3891; baseline -0.005 -14"><span class='ocrx_word' id='word_1_279' title='bbox 34 3829 96 3887; x_wconf 74' lang='lat'>424</span> <span class='ocrx_word' id='word_1_280' title='bbox 125 3820 155 3886; x_wconf 76' lang='grc' dir='ltr'>Α</span> <span class='ocrx_word' id='word_1_281' title='bbox 224 3817 346 3891; x_wconf 82' lang='lat' dir='ltr'>Optimi</span> <span class='ocrx_word' id='word_1_282' title='bbox 380 3816 468 3876; x_wconf 91' lang='lat' dir='ltr'>codd.</span> <span class='ocrx_word' id='word_1_283' title='bbox 509 3814 663 3875; x_wconf 82' lang='lat' dir='ltr'>exhibent</span> <span class='ocrx_word' id='word_1_284' title='bbox 698 3811 785 3872; x_wconf 82' lang='grc' dir='ltr'><strong><em>κοινὰ</em></strong></span> <span class='ocrx_word' id='word_1_285' title='bbox 819 3810 855 3872; x_wconf 85' lang='grc' dir='ltr'><strong><em>τδι</em></strong></span> <span class='ocrx_word' id='word_1_286' title='bbox 886 3811 982 3888; x_wconf 83' lang='grc' dir='ltr'><strong><em>φίλων</em></strong></span> <span class='ocrx_word' id='word_1_287' title='bbox 1015 3812 1112 3887; x_wconf 88' lang='lat' dir='ltr'>(prob.</span> <span class='ocrx_word' id='word_1_288' title='bbox 1137 3811 1218 3872; x_wconf 89' lang='lat' dir='ltr'><strong>Bkk.</strong></span> <span class='ocrx_word' id='word_1_289' title='bbox 1245 3811 1356 3872; x_wconf 87' lang='lat' dir='ltr'>Herm.</span> 
     </span>
     <span class='ocr_line' id='line_1_32' title="bbox 179 3919 1359 4004; baseline -0.008 -13"><span class='ocrx_word' id='word_1_290' title='bbox 179 3930 296 3992; x_wconf 85' lang='lat' dir='ltr'>ceteris</span> <span class='ocrx_word' id='word_1_291' title='bbox 330 3929 442 4004; x_wconf 84' lang='lat' dir='ltr'>editt),</span> <span class='ocrx_word' id='word_1_292' title='bbox 474 3927 558 4002; x_wconf 88' lang='lat' dir='ltr'>quod</span> <span class='ocrx_word' id='word_1_293' title='bbox 588 3941 653 3986; x_wconf 88' lang='lat' dir='ltr'>non</span> <span class='ocrx_word' id='word_1_294' title='bbox 683 3927 793 3987; x_wconf 91' lang='lat' dir='ltr'>minus</span> <span class='ocrx_word' id='word_1_295' title='bbox 825 3926 972 4000; x_wconf 87' lang='lat' dir='ltr'>ineptum</span> <span class='ocrx_word' id='word_1_296' title='bbox 1002 3940 1102 3999; x_wconf 87' lang='lat' dir='ltr'>quam</span> <span class='ocrx_word' id='word_1_297' title='bbox 1134 3919 1245 3986; x_wconf 70' lang='lat' dir='ltr'>Stallbl&#39;</span> <span class='ocrx_word' id='word_1_298' title='bbox 1272 3921 1359 3985; x_wconf 87' lang='grc' dir='ltr'><strong><em>κοινὰ</em></strong></span> 
     </span>
     <span class='ocr_line' id='line_1_33' title="bbox 179 4035 1360 4119; baseline -0.005 -17"><span class='ocrx_word' id='word_1_299' title='bbox 179 4051 237 4103; x_wconf 79' lang='grc' dir='ltr'><strong><em>τῶν</em></strong></span> <span class='ocrx_word' id='word_1_300' title='bbox 267 4040 372 4119; x_wconf 85' lang='grc' dir='ltr'><strong><em>φίλων.</em></strong></span> <span class='ocrx_word' id='word_1_301' title='bbox 402 4041 548 4101; x_wconf 88' lang='lat' dir='ltr'>insiticia</span> <span class='ocrx_word' id='word_1_302' title='bbox 578 4040 676 4115; x_wconf 87' lang='lat' dir='ltr'>enim,</span> <span class='ocrx_word' id='word_1_303' title='bbox 707 4040 735 4100; x_wconf 87' lang='lat' dir='ltr'>si</span> <span class='ocrx_word' id='word_1_304' title='bbox 766 4054 830 4112; x_wconf 85' lang='lat' dir='ltr'>qua</span> <span class='ocrx_word' id='word_1_305' title='bbox 861 4038 934 4114; x_wconf 84' lang='lat' dir='ltr'>alia,</span> <span class='ocrx_word' id='word_1_306' title='bbox 968 4040 1046 4099; x_wconf 83' lang='lat' dir='ltr'>sunt</span> <span class='ocrx_word' id='word_1_307' title='bbox 1075 4039 1173 4100; x_wconf 86' lang='lat' dir='ltr'>verba</span> <span class='ocrx_word' id='word_1_308' title='bbox 1193 4035 1230 4097; x_wconf 84' lang='grc' dir='ltr'>κδι</span> <span class='ocrx_word' id='word_1_309' title='bbox 1253 4037 1360 4113; x_wconf 83' lang='grc' dir='ltr'><strong><em>φίλων,</em></strong></span> 
     </span>
     <span class='ocr_line' id='line_1_34' title="bbox 180 4150 1359 4231; baseline -0.008 -13"><span class='ocrx_word' id='word_1_310' title='bbox 180 4172 256 4218; x_wconf 89' lang='lat' dir='ltr'>cum</span> <span class='ocrx_word' id='word_1_311' title='bbox 280 4155 454 4216; x_wconf 84' lang='lat' dir='ltr'>manifesto</span> <span class='ocrx_word' id='word_1_312' title='bbox 479 4155 628 4216; x_wconf 85' lang='lat' dir='ltr'>Socrates</span> <span class='ocrx_word' id='word_1_313' title='bbox 648 4153 734 4214; x_wconf 89' lang='lat' dir='ltr'>dicat</span> <span class='ocrx_word' id='word_1_314' title='bbox 753 4154 849 4213; x_wconf 88' lang='lat' dir='ltr'>haec:</span> <span class='ocrx_word' id='word_1_315' title='bbox 870 4158 961 4211; x_wconf 80' lang='grc' dir='ltr'><strong><em>τοῦτο</em></strong></span> <span class='ocrx_word' id='word_1_316' title='bbox 981 4151 1078 4211; x_wconf 87' lang='grc' dir='ltr'><strong><em>κοίντοι</em></strong></span> <span class='ocrx_word' id='word_1_317' title='bbox 1097 4154 1157 4221; x_wconf 82' lang='lat' dir='ltr'>(sc.</span> <span class='ocrx_word' id='word_1_318' title='bbox 1177 4150 1209 4210; x_wconf 86' lang='grc' dir='ltr'><strong><em>οῖ</em></strong></span> <span class='ocrx_word' id='word_1_319' title='bbox 1221 4155 1359 4231; x_wconf 83' lang='grc' dir='ltr'><strong><em>γυναῖκες</em></strong></span> 
     </span>
    </p>
   </div>
   <div class='ocr_carea' id='block_1_5' title="bbox 181 4459 1358 4684">
    <p class='ocr_par' dir='ltr' id='par_1_8' title="bbox 181 4459 1358 4684">
     <span class='ocr_line' id='line_1_35' title="bbox 216 4459 1358 4528; baseline -0.009 -17"><span class='ocrx_word' id='word_1_320' title='bbox 216 4460 234 4528; x_wconf 88' lang='lat'>¹)</span> <span class='ocrx_word' id='word_1_321' title='bbox 253 4465 295 4512; x_wconf 72' lang='lat' dir='ltr'>flio</span> <span class='ocrx_word' id='word_1_322' title='bbox 312 4463 339 4510; x_wconf 91' lang='lat' dir='ltr'>in</span> <span class='ocrx_word' id='word_1_323' title='bbox 357 4463 435 4510; x_wconf 81' lang='lat'>4510</span> <span class='ocrx_word' id='word_1_324' title='bbox 452 4463 479 4509; x_wconf 91' lang='lat' dir='ltr'>in</span> <span class='ocrx_word' id='word_1_325' title='bbox 495 4461 582 4508; x_wconf 78' lang='lat' dir='ltr'>verbis</span> <span class='ocrx_word' id='word_1_326' title='bbox 600 4462 690 4509; x_wconf 74' lang='grc' dir='ltr'><strong><em>παίδων</em></strong></span> <span class='ocrx_word' id='word_1_327' title='bbox 708 4477 732 4507; x_wconf 85' lang='grc' dir='ltr'>τι</span> <span class='ocrx_word' id='word_1_328' title='bbox 749 4463 788 4506; x_wconf 83' lang='grc' dir='ltr'>καί</span> <span class='ocrx_word' id='word_1_329' title='bbox 806 4466 919 4519; x_wconf 83' lang='grc' dir='ltr'><strong><em>γυναικῶν</em></strong></span> <span class='ocrx_word' id='word_1_330' title='bbox 937 4461 1015 4516; x_wconf 75' lang='grc' dir='ltr'><strong><em>κτῆσίς</em></strong></span> <span class='ocrx_word' id='word_1_331' title='bbox 1032 4471 1056 4504; x_wconf 73' lang='grc' dir='ltr'>τι</span> <span class='ocrx_word' id='word_1_332' title='bbox 1074 4459 1112 4503; x_wconf 84' lang='grc' dir='ltr'>καί</span> <span class='ocrx_word' id='word_1_333' title='bbox 1127 4460 1195 4521; x_wconf 75' lang='grc' dir='ltr'><strong><em>χρεία</em></strong></span> <span class='ocrx_word' id='word_1_334' title='bbox 1213 4469 1262 4502; x_wconf 81' lang='lat' dir='ltr'>vox</span> <span class='ocrx_word' id='word_1_335' title='bbox 1279 4461 1358 4514; x_wconf 77' lang='grc' dir='ltr'><strong><em>κτῆσις</em></strong></span> 
     </span>
     <span class='ocr_line' id='line_1_36' title="bbox 181 4534 1341 4604; baseline -0.009 -14"><span class='ocrx_word' id='word_1_336' title='bbox 181 4545 209 4591; x_wconf 82' lang='grc' dir='ltr'>κδ</span> <span class='ocrx_word' id='word_1_337' title='bbox 227 4550 308 4603; x_wconf 80' lang='grc' dir='ltr'><strong><em>γαμιίκ</em></strong></span> <span class='ocrx_word' id='word_1_338' title='bbox 325 4542 461 4600; x_wconf 80' lang='lat' dir='ltr'>significet,</span> <span class='ocrx_word' id='word_1_339' title='bbox 478 4544 505 4587; x_wconf 80' lang='lat' dir='ltr'>at</span> <span class='ocrx_word' id='word_1_340' title='bbox 519 4553 573 4587; x_wconf 84' lang='lat' dir='ltr'>voe.</span> <span class='ocrx_word' id='word_1_341' title='bbox 591 4544 660 4604; x_wconf 79' lang='grc' dir='ltr'><strong><em>χρεία</em></strong></span> <span class='ocrx_word' id='word_1_342' title='bbox 678 4543 783 4599; x_wconf 79' lang='grc' dir='ltr'><strong><em>σημαίνει</em></strong></span> <span class='ocrx_word' id='word_1_343' title='bbox 800 4539 842 4598; x_wconf 76' lang='grc' dir='ltr'><strong><em>τὴν</em></strong></span> <span class='ocrx_word' id='word_1_344' title='bbox 860 4555 941 4585; x_wconf 84' lang='grc' dir='ltr'><strong><em>νννννν</em></strong></span> <span class='ocrx_word' id='word_1_345' title='bbox 941 4541 950 4584; x_wconf 86' lang='grc' dir='ltr'><strong><em>ί</em></strong></span> <span class='ocrx_word' id='word_1_346' title='bbox 950 4554 979 4582; x_wconf 89' lang='grc' dir='ltr'><strong><em>αν</em></strong></span> <span class='ocrx_word' id='word_1_347' title='bbox 995 4545 1040 4583; x_wconf 79' lang='grc' dir='ltr'><strong><em>τῶν</em></strong></span> <span class='ocrx_word' id='word_1_348' title='bbox 1058 4543 1178 4594; x_wconf 79' lang='grc' dir='ltr'><strong><em>γυναικῶν,</em></strong></span> <span class='ocrx_word' id='word_1_349' title='bbox 1198 4535 1230 4580; x_wconf 78' lang='lat' dir='ltr'>oi.</span> <span class='ocrx_word' id='word_1_350' title='bbox 1250 4535 1298 4580; x_wconf 84' lang='lat' dir='ltr'>4ee</span> <span class='ocrx_word' id='word_1_351' title='bbox 1314 4534 1341 4581; x_wconf 85' lang='lat'>0.</span> 
     </span>
     <span class='ocr_line' id='line_1_37' title="bbox 215 4615 1110 4684; baseline -0.008 -13"><span class='ocrx_word' id='word_1_352' title='bbox 215 4619 235 4684; x_wconf 66' lang='grc' dir='ltr'>π)</span> <span class='ocrx_word' id='word_1_353' title='bbox 254 4623 313 4672; x_wconf 79' lang='lat' dir='ltr'>Aeo.</span> <span class='ocrx_word' id='word_1_354' title='bbox 331 4621 399 4682; x_wconf 87' lang='lat' dir='ltr'>plur.</span> <span class='ocrx_word' id='word_1_355' title='bbox 416 4620 451 4668; x_wconf 90' lang='lat' dir='ltr'>nil</span> <span class='ocrx_word' id='word_1_356' title='bbox 469 4619 566 4666; x_wconf 80' lang='lat' dir='ltr'>insoliti</span> <span class='ocrx_word' id='word_1_357' title='bbox 583 4619 669 4666; x_wconf 76' lang='lat' dir='ltr'>habet.</span> <span class='ocrx_word' id='word_1_358' title='bbox 689 4617 720 4665; x_wconf 90' lang='lat' dir='ltr'>In</span> <span class='ocrx_word' id='word_1_359' title='bbox 736 4617 816 4666; x_wconf 69' lang='grc'><strong>4591</strong></span> <span class='ocrx_word' id='word_1_360' title='bbox 834 4617 993 4670; x_wconf 70' lang='grc' dir='ltr'><strong><em>παιδοποιίαις</em></strong></span> <span class='ocrx_word' id='word_1_361' title='bbox 1009 4615 1110 4674; x_wconf 85' lang='lat' dir='ltr'>legitur.</span> 
     </span>
    </p>
   </div>
   <div class='ocr_carea' id='block_1_6' title="bbox 0 0 1640 5098">
    <p class='ocr_par' dir='ltr' id='par_1_9' title="bbox 0 0 1640 5098">
     <span class='ocr_line' id='line_1_38' title="bbox 0 0 1640 5098; baseline 0 0"><span class='ocrx_word' id='word_1_362' title='bbox 0 0 1640 5098; x_wconf 95' lang='lat' dir='ltr'> </span> 
     </span>
    </p>
   </div>
  </div>
 </body>
</html>
