3278 5098
894 345 934 402 70

328 529 378 591 καὶ
409 533 496 593 valet
530 532 693 609 „etiam”l,
718 530 935 590 Herwerdeno
960 530 991 600 (l.
1015 530 1047 600 Ι.)
1071 531 1182 590 autem
1206 532 1304 592 verba
1326 528 1375 588 καί
1399 531 1500 609 αρεσβ.

326 642 512 724 γιγνομένοις
543 645 653 719 spuria
684 659 757 704 esse
789 644 860 703 visa
895 645 981 703 sunt.
1019 644 1085 703 hut
1120 643 1253 718 vulgata
1287 643 1501 718 interpunctio

326 759 484 820 servanda
514 760 565 820 est
597 759 654 828 (ita
684 760 721 818 ut
755 758 810 818 ille
834 757 964 818 dativus
992 757 1100 818 valeat
1122 755 1196 838 πρὸς
1220 754 1295 817 αὐτὰ
1318 756 1500 836 πρεσβύτερα

325 876 391 950 γιγ,
421 873 514 947 quasi
544 886 607 932 non
638 869 712 949 πρὸς
742 868 777 928 τὰ
809 868 924 946 παιδία,
956 870 1012 930 sed
1043 874 1104 942 τοῖς
1135 869 1266 942 παιδίοις
1297 871 1435 932 dixisset
1450 865 1471 940 1)
1480 874 1499 945 ),

325 987 409 1059 quod
428 1001 487 1060 ego
506 987 635 1060 propter
655 1001 724 1045 roc.
745 982 840 1055 εὐθὺς
859 984 1081 1044 necessarium
1099 985 1179 1045 duco
1191 987 1249 1045 aut
1260 983 1391 1045 triailla
1402 985 1500 1044 verba

325 1115 400 1159 cum
431 1099 646 1160 Herwerdeno
678 1100 900 1172 expungenda.
931 1098 1044 1158 Omnis
1069 1098 1338 1172 interpunctionis
1360 1098 1498 1158 mutatio

326 1213 537 1288 vituperanda
560 1213 620 1287 est,
645 1211 720 1285 quia
744 1211 791 1271 illi
815 1225 911 1271 senes
935 1213 969 1271 et
994 1211 1141 1272 aniculae
1164 1208 1301 1291 λέγουσιν
1324 1207 1343 1270 ὑ
1366 1211 1398 1271 οί
1414 1233 1498 1288 ποιη-

323 1323 371 1385 vol
400 1329 618 1406 λογοποιοῦσιν.
650 1325 778 1400 Optime
811 1325 923 1385 Stallb.
953 1326 1061 1396 (1829)
1086 1325 1124 1386 ci.
1150 1323 1236 1405 έγγύς
1264 1326 1361 1401 <τι>
1380 1325 1498 1392 ,τούτων

270 1438 301 1504 ll
325 1443 383 1498 κτλ.
407 1430 427 1524 Ι)
451 1439 497 1500 De
519 1439 628 1499 verbis
660 1436 786 1515 δεσμοὺς
819 1435 879 1496 ὑπὸ
912 1434 980 1509 ὑέος
1004 1439 1067 1499 rid.
1092 1439 1178 1499 dicta
1202 1440 1241 1500 ad
1266 1441 1329 1500 377
1343 1439 1378 1501 h.
1402 1440 1498 1499 Pauci

326 1554 415 1614 codd.
448 1551 520 1624 Διὸς
550 1568 606 1627 pro
633 1549 701 1624 ὑέος
725 1552 888 1627 exhibent,
913 1567 996 1625 quae
1019 1552 1055 1611 V.
1080 1553 1113 1612 L.
1140 1553 1204 1613 iam
1231 1553 1411 1626 antiquitus
1434 1567 1497 1627 per·

326 1667 458 1741 vulgata
489 1658 568 1727 erat.
595 1665 725 1741 Oampb.
753 1665 919 1738 vulgatam
946 1660 1037 1736 Ι(ὑέος)
1063 1681 1138 1726 cunr
1163 1666 1255 1726 Astio
1279 1666 1430 1727 defendit.
1454 1666 1498 1726 De

325 1781 382 1841 illa
410 1781 521 1840 fabula
552 1780 627 1840 audi
660 1778 862 1840 clementem
895 1793 944 1853 ap.
960 1779 1111 1840 'Suidam
1143 1781 1175 1838 in
1207 1795 1285 1840 voce
1299 1775 1381 1857 Ἥρα
1410 1777 1498 1856 (παρὰ

280 1951 282 1956 .
327 1893 470 1979 Πινδάρῳ
490 1892 546 1974 γὰρ
560 1927 602 1935 -
616 1910 660 1955 sc.
670 1889 750 1972 Ἥρα
765 1927 805 1936 -
819 1889 879 1952 ὑπὸ
886 1886 1053 1968 Ἡφαίστου
1067 1891 1280 1970 eteoclem-re
1291 1903 1330 1977 τῷ
1343 1887 1392 1953 ὑπ’
1407 1893 1497 1955 αὐτοῦ

326 2004 595 2068 κατασκευασθέντι
623 2005 734 2090 θρόνῳ.
753 2001 796 2064 Ἡ
814 2004 926 2084 ἱστορία
950 2002 1000 2064 καὶ
1022 2003 1104 2085 παρὰ
1122 2001 1292 2091 Ἐπιχάρμῳ
1317 2004 1348 2066 έν
1372 2008 1497 2085 Κοιμασ-
1608 1991 1609 2064 f

275 2193 277 2197 Α
326 2125 388 2193 ταῖς
418 2117 439 2199 ἢ
464 2115 640 2206 Ἡφαίστῳ),
672 2121 823 2180 Phoiium
855 2121 890 2180 θλ
920 2119 1116 2181 Pausaniam
1141 2122 1156 2180 Ι
1185 2122 1226 2181 20
1250 2117 1371 2201 (λέγεται
1396 2117 1428 2181 δὲ
1450 2119 1497 2180 καλ

327 2233 396 2294 τάδε
427 2239 505 2307 κτλ).
529 2236 600 2296 Vam
630 2237 655 2295 L
678 2233 803 2312 ἀμυνεῖν
826 2235 952 2296 Bekker
979 2237 1109 2312 recepit,
1135 2235 1220 2297 Sicut
1244 2237 1308 2298 374
1325 2232 1349 2298 0
1369 2233 1496 2316 ’ἀπεργά-

328 2344 435 2409 σεσὺαι
464 2345 685 2426 patrocinatus
717 2349 797 2410 erat.
830 2349 908 2409 Post
938 2345 1052 2426 μέλλειν
1078 2351 1117 2420 (si
1142 2349 1266 2426 „velle”
1290 2351 1388 2422 valet)
1412 2367 1495 2427 prae·

323 2480 404 2537 sens
437 2466 470 2524 et
500 2464 647 2524 futurum
670 2464 852 2538 promiscue
874 2465 1083 2539 usurpantur.
1108 2465 1267 2526 Eusebius
1291 2463 1313 2525 ὑ.
1330 2477 1356 2524 τι
1380 2464 1421 2545 μὴ
1444 2482 1496 2542 pro

275 2572 342 2643 Ei
373 2575 413 2655 μὴ
445 2579 585 2653 praebet.
611 2569 631 2662 Ι)
655 2578 817 2639 Veretum
850 2580 883 2635 Π
907 2575 983 2637 αὑτὰ
1007 2577 1077 2637 titre
1102 2581 1169 2654 (pro
1192 2587 1283 2639 ταῦτα
1307 2579 1388 2652 ivre)
1414 2581 1496 2642 exhi·
1607 2553 1608 2640 i

326 2692 458 2753 bentem
490 2692 594 2752 secuti
621 2681 698 2751 sun't
721 2677 822 2752 Beklr.
841 2692 881 2752 'et
904 2691 1026 2768 hstius,
1051 2693 1135 2766 quod
1158 2694 1246 2754 recte
1268 2693 1385 2767 reliqui
1409 2693 1495 2755 editt.

326 2805 558 2880 improbarunt.
609 2887 611 2891 ι

180 2921 243 2980 379
272 2916 302 2984 Α
370 2919 475 2979 Verbo
498 2916 550 2977 έάν
573 2940 602 2978 τε
625 2916 657 2977 έν
681 2915 795 2996 μέλεσιν
819 2903 894 2980 cuin
918 2919 1007 2980 Par.0
1033 2920 1061 2979 A
1082 2921 1263 2982 omiserunt
1282 2921 1393 2983 Herm.
1415 2922 1495 2983 Bait.

326 3032 519 3093 Schmelzer.
555 3032 689 3094 Videtur
724 3035 835 3094 autem
866 3034 1017 3095 librarius
1048 3035 1185 3095 Parisini
1212 3036 1279 3096 cod.
1304 3036 1497 3110 negligentia

325 3161 364 3206 ea
391 3147 488 3207 verba
511 3147 672 3224 omisisse,
696 3148 781 3209 sicut
803 3148 898 3222 paulo
922 3150 997 3224 post
1021 3145 1070 3227 (Β)
1095 3140 1135 3208 ΑΙ
1162 3149 1274 3210 omisit
1298 3147 1346 3228 ον)
1370 3148 1497 3228 βλάπτει,
1606 3205 1607 3216 ,

323 3258 416 3319 κακόν
439 3282 466 3319 τι
488 3265 571 3320 ποιεῖ
575 3283 583 3334 ;
607 3257 687 3321 Οὐδὲ
709 3269 804 3321 τοῦτο.
817 3255 857 3321 Ὃ
881 3258 913 3320 δέ
932 3283 968 3341 γε
990 3258 1119 3340 (μηδὲν
1138 3262 1232 3323 κακὸν
1251 3261 1323 3342 κτλ).
1342 3263 1496 3338 Exempla

325 3390 366 3434 ex
396 3374 538 3436 Homero
569 3376 671 3450 petita
702 3373 782 3454 (έπη)
811 3375 925 3436 statim
950 3377 1081 3449 quidem
1105 3378 1225 3452 excipit
1247 3379 1433 3454 exemplum
1457 3393 1496 3438 ex

325 3490 486 3564 Aeschylo
517 3487 700 3574 (τραγῳδία),
733 3491 789 3551 sed
822 3491 854 3550 in
879 3490 941 3550 381
967 3491 993 3550 D
1017 3492 1144 3564 praeter
1167 3491 1347 3551 Homerum
1372 3489 1495 3568 (Odyss.

328 3606 377 3665 17.
411 3600 487 3679 485)
521 3605 554 3664 et
583 3603 725 3677 tragicos
756 3603 857 3664 etiam
889 3604 943 3663 alii
965 3605 1081 3678 poetae
1105 3605 1343 3665 memorantur:
1370 3598 1440 3682 μηδ’
1467 3600 1497 3662 ἐν

324 3721 384 3788 τοῖς
415 3713 513 3788 ἄλλοις
543 3715 714 3794 ποιήμασιν.
744 3716 960 3790 uampbellius
985 3718 1083 3791 igitur
1107 3719 1194 3778 recte
1217 3733 1256 3778 ea
1284 3719 1381 3779 verbu
1405 3715 1496 3795 (quae
1605 3765 1606 3770 ,

325 3831 358 3889 et
395 3829 556 3890 necetius
598 3829 706 3908 hebet)
749 3832 861 3891 serrat
898 3831 1074 3892 arbitratus
1108 3831 1176 3890 iam
1211 3831 1262 3891 hic
1296 3831 1360 3890 tria
1393 3830 1496 3905 poesis

322 3958 451 4021 genera,
475 3944 514 4004 de
537 3945 653 4017 quibus
672 3945 705 4005 ln
725 3945 789 4004 ΙΠο
806 3944 886 4006 libro
907 3942 948 4021 (p.
972 3942 1114 4021 392-4)
1128 3944 1234 4004 fusius
1245 3943 1361 4020 agitur,
1375 3943 1495 4018 respici.

270 4065 299 4130 Β
323 4060 423 4120 Paulo
453 4060 529 4119 ante
560 4059 682 4133 corrige
712 4057 778 4138 περ)
809 4058 968 4139 θεολογίαν
993 4059 1062 4120 coll.
1090 4061 1153 4119 380
1179 4059 1211 4120 Ο.
1236 4051 1256 4143 Ι)
1281 4061 1316 4118 ln
1341 4074 1406 4133 mg.
1430 4059 1494 4120 cod.

323 4172 543 4234 Malatestiani
574 4174 633 4234 hoc
666 4173 810 4234 scholion
840 4171 975 4247 legitur:
1006 4177 1120 4253 πρῶτος
1149 4173 1241 4244 τύπος
1269 4171 1433 4252 θεολογίας,
1454 4170 1495 4231 ὅτι

356 4493 375 4552 ι)
398 4495 494 4541 Similis
519 4497 737 4542 constructionum
763 4497 874 4542 mixtura
897 4498 1009 4544 occurrit
1031 4497 1143 4556 Sophist
1168 4497 1254 4544 alen
1274 4498 1493 4555 reparabiliter

320 4572 452 4632 ruviene,
470 4573 497 4619 δι’
518 4575 651 4631 αἰσθήσιος
667 4583 789 4628 κοινωνεῖν,
808 4575 847 4621 διὰ
864 4580 977 4634 λογισμοῦ
995 4575 1020 4621 tl
1037 4581 1107 4637 ψυχῇ
1129 4574 1205 4638 πρὸς
1221 4574 1262 4634 τὴν
1279 4574 1349 4629 ὅντως
1366 4578 1450 4627 οὐσίαν,
1469 4575 1494 4618 et

321 4641 408 4708 Symp.
422 4642 502 4696 loth
520 4652 558 4697 διὰ
576 4653 659 4697 τούτου
676 4659 741 4698 πᾶσα
759 4657 805 4699 κτλ.
