3278 5098
737 339 774 398 11

162 528 255 588 13133
285 524 378 597 (αὐτὸ)
409 525 495 587 enim
527 527 648 586 amoris
675 527 817 601 impetus
841 543 878 587 33
901 527 1064 588 cruciatus
1087 527 1256 602 significat,
1283 528 1338 586 mi·

163 641 254 701 nime
284 642 396 702 autem
427 640 617 700 facultatem
649 637 700 711 (ἔτι
731 631 793 710 οίίς
823 633 849 698 τ’
876 633 911 710 εί)
935 640 1031 701 rebus
1055 641 1195 701 veneriis
1219 641 1339 716 utendi,

163 769 238 827 qua·
248 770 352 827 neque
372 753 427 814 alii
446 769 505 814 nec
525 753 707 829 Sophocles,
721 754 754 813 ni
766 753 870 829 failor,
883 751 1079 831 αἰσριεναίτατα
1092 754 1338 815 destituebatur.

163 869 316 930 Praestat
337 866 410 928 αὐτὸ
426 862 446 940 ¹)
471 865 627 946 ἀπέφυγον
650 883 749 941 quam
770 865 845 928 αὐτὰ
866 864 1022 946 ἀπέφυγον
1043 868 1100 939 (sic
1120 867 1218 928 (118111.
1233 867 1339 940 Alex„

164 981 395 1058 TheodoretuS,
419 982 538 1051 Theon)
561 982 677 1058 legere,
702 982 778 1056 quia
797 978 896 1040 αὐτὰ
915 977 1093 1060 τάφροδίσια
1111 982 1242 1040 tantum
1263 980 1339 1040 indi·

163 1096 228 1163 cat,
270 1091 342 1153 αὐτὸ
376 1110 453 1154 vero
487 1102 540 1154 τοῦ
575 1091 795 1174 ἀφροδισιάζειν
829 1095 999 1170 impetum,
1035 1109 1132 1168 quern
1166 1093 1339 1168 sophocles

163 1208 283 1268 festive
318 1223 392 1268 cum
427 1208 547 1282 agresti
582 1223 620 1270 ac
653 1208 774 1270 furioso
809 1207 939 1268 domino
974 1208 1185 1282 comparavit.
1220 1207 1339 1268 Parum

162 1323 253 1382 recte
283 1321 365 1382 Bait.
394 1323 427 1382 et
451 1320 581 1396 Campb.
606 1317 803 1398 ἀσμενέστατα
828 1336 884 1396 pro
908 1318 1105 1397 ἀσμεναίταια
1129 1323 1339 1394 revocaruni;

162 1435 362 1496 testimoniis
392 1435 555 1495 1133131311
586 1437 619 1495 31
650 1435 757 1509 etym.
789 1434 897 1508 Magni
928 1435 967 1494 ab
991 1433 1084 1494 Astio
1108 1434 1217 1494 allatis
1242 1434 1340 1494 addas

163 1548 339 1621 Phryniehi
369 1549 459 1619 (Bkir.
491 1564 521 1623 p.
556 1550 606 1610 12.
633 1551 684 1619 11)
708 1545 907 1626 ἀσμενώτερος
932 1544 982 1606 διὰ
1004 1555 1057 1607 τοῦ
1082 1554 1114 1606 oi.
1138 1544 1170 1606 τὸ
1194 1543 1341 1626 ἐπίρρημα

163 1659 442 1738 ἀσμεναίιαια.
474 1662 602 1737 Optime
634 1662 784 1724 Clemens
814 1663 908 1723 Alex.
937 1662 1101 1736 (probante
1125 1660 1340 1722 Herwerdeno

163 1775 228 1836 Mn.
261 1775 356 1845 1883)
379 1749 412 1834 in
435 1775 515 1849 ipsis
538 1777 789 1852 comparationis
813 1777 920 1836 verbis
943 1775 1147 1849 participium
1173 1770 1341 1852 ἀποφαγὼν

163 1888 287 1964 omisit,
307 1890 390 1962 quod
411 1891 465 1963 qui
485 1891 544 1950 viri
560 1891 645 1951 docti
657 1891 783 1951 tamdiu
797 1891 938 1966 tulerint,
953 1891 1162 1951 vehementer
1175 1890 1283 1949 miror.
1299 1923 1338 1932 -

162 2003 266 2063 Paulo
285 2005 359 2078 post
378 2004 523 2064 omnium
545 2004 679 2064 Politiae
699 2004 845 2064 codicum
865 1991 1025 2079 principes
1045 2004 1116 2064 Par.
1130 2004 1159 2063 A
1172 2002 1295 2063 etVen.
1314 2005 1344 2059 ll

161 2117 423 2190 conjunctionem
447 2115 503 2196 γὰρ
526 2119 599 2192 3331
623 2115 743 2177 ίτιειδὰν
767 2119 924 2178 omittunt
943 2119 1109 2190 secutique
1131 2119 1206 2176 sunt
1229 2115 1340 2176 Herm.

160 2226 249 2286 Bait.
274 2227 431 2292 Schmelz.
457 2231 579 2292 Wohlr.
606 2231 747 2307 campo,
771 2235 848 2292 recte
871 2235 1081 2306 (quamquam
1108 2245 1171 2290 non
1195 2231 1265 2289 erat
1287 2244 1343 2289 cur

160 2337 415 2416 interpunctio&
435 2344 482 2404 113
502 2347 684 2406 mutaretur
703 2351 740 2405 31
759 2348 924 2405 structura
945 2346 1092 2405 contorta
1110 2343 1222 2418 fieret),
1241 2357 1341 2416 quum

162 2455 326 2531 Cephalus
357 2457 406 2517 bis
433 2459 519 2519 idern
544 2459 639 2534 dicat,
663 2459 729 2526 illic
752 2474 886 2520 causam
912 2457 1056 2537 (εἰρήνην)
1076 2459 1169 2518 iuxta
1190 2457 1342 2518 effectum

162 2565 360 2646 (ἐλευθερίαν)
383 2585 515 2647 ponens,
540 2572 591 2630 hic
614 2571 767 2632 effectum
791 2570 833 2642 (τὸ
853 2568 1051 2647 ἀπηλλάχθαι)
1073 2585 1190 2630 333333
1211 2566 1341 2640 (ε’ττειδὰν

100 2693 134 2757 1)
162 2681 200 2740 αἱ
229 2679 308 2743 ε’τιιθ.
343 2687 403 2753 ιτδ)
435 2685 642 2745 submittens.
668 2677 824 2768 11813111).
857 2685 965 2756 (1889)
993 2663 1176 2744 rectissime
1201 2680 1342 2760 (Baitero

162 2796 266 2870 prob.)
290 2793 348 2855 ihu
369 2798 540 2858 delendum
558 2799 701 2880 censuit3
715 2799 841 2859 utinam
854 2798 922 2872 ipse
936 2798 1154 2872 conjecturam
1167 2797 1200 2857 in
1214 2798 1342 2857 textum

163 2910 308 2983 recipere
328 2926 428 2970 ausus
449 2914 551 2972 esset!
575 2946 616 2956 -
637 2913 787 2973 Alterum
807 2912 886 2972 illud
907 2903 930 2971 ὦ
949 2910 1105 2990 Σώκρατες
1117 2913 1154 2972 31
1166 2927 1207 2972 ex
1218 2925 1342 2985 praece·

163 3023 316 3084 dentibus
351 3025 436 3085 male
468 3026 642 3100 repetitum
674 3028 887 3102 expungatur,
919 3027 1002 3099 quod
1033 3040 1097 3086 non
1129 3040 1261 3086 necesse
1294 3025 1345 3084 est

163 3137 291 3197 attente
311 3137 551 3199 auscultantem
572 3140 738 3200 Socratem
760 3140 879 3199 iterum
896 3155 915 3199 3
930 3139 1068 3214 Cephalo
1080 3137 1286 3213 interpellari.
1303 3171 1343 3180 -

163 3251 292 3312 Ultima
322 3253 410 3312 tertii
441 3254 556 3327 capitis
588 3253 743 3314 vocabula
774 3263 812 3334 τῷ
844 3252 967 3336 τοιούτῳ
1000 3251 1156 3330 ξυμβαίνει
1180 3252 1342 3312 Herwerd.

164 3365 243 3436 (Μ3.
280 3365 375 3437 1883)
410 3366 582 3427 eliminans
617 3367 685 3427 falli
720 3367 801 3426 mihi
837 3367 972 3442 videtur,
1006 3366 1081 3439 quia
1112 3365 1274 3438 exquisite
1306 3374 1344 3447 τῷ

164 3478 290 3561 τοιούτῳ
304 3471 327 3548 ³)
348 3479 465 3552 singul.
486 3495 622 3540 numero
643 3480 822 3540 adhibitum
845 3482 949 3540 totam
967 3479 1107 3555 speciem
1120 3485 1179 3535 τῶν
1192 3475 1345 3537 δυσκόλων

108 3591 330 3669 Esignificat
360 3609 420 3653 nec
452 3592 582 3676 Cephali
612 3593 807 3654 verbositate
838 3608 898 3653 nos
925 3592 1043 3653 offendi
1069 3593 1204 3666 oportet.
1230 3584 1344 3671 lilioli

166 3723 196 3766 3.
221 3705 435 3766 Herwerdeno
460 3707 533 3776 (Μ3.
559 3707 653 3777 1888)
673 3708 830 3780 corrigere
853 3703 1003 3782 ἐκτῆσθαι,
1028 3706 1288 3781 quiescentrum
1312 3706 1344 3763 31

166 3817 312 3896 ἐκτῆσθαι
332 3834 381 3892 ap.
407 3820 576 3880 Platonem
601 3821 783 3902 promiscue
803 3823 1000 3894 usurpantur
1020 3821 1094 3893 post
1112 3819 1344 3878 consonantem

167 3934 219 4004 (31.
254 3933 361 3995 Cobet.
393 3934 427 3994 in
457 3934 519 3997 Mn.
555 3936 639 3996 1862
671 3950 701 4009 3.
730 3931 812 4004 168).
840 3969 877 3978 -
905 3933 1022 3994 Coheto
1046 3934 1120 4004 (Mn.
1149 3933 1243 4002 1884)
1268 3946 1345 3990 mox

202 4239 222 4300 ¹)
236 4242 306 4288 Illud
324 4242 381 4289 αὐτὸ
399 4245 533 4302 praeterea
550 4242 646 4289 indicat
660 4242 814 4302 Sophoclem
829 4243 914 4302 ipsum
932 4250 975 4286 τῶν
989 4240 1131 4303 ἀφροδισίων
1146 4251 1238 4284 nomen
1254 4239 1346 4284 efferre

165 4321 303 4380 refugisse.
329 4322 489 4381 Quamquam
515 4323 594 4380 igitur
619 4322 676 4368 αιἰσδ
701 4322 829 4381 explicare
853 4334 998 4381 possumus,
1021 4319 1076 4366 fleri
1100 4321 1186 4364 tamen
1210 4318 1295 4378 potnit
1317 4320 1347 4365 ut

165 4404 305 4464 postquam
331 4403 417 4448 textus
439 4385 612 4461 ¹interpolatus
637 4403 679 4458 311,
704 4403 775 4448 αδτΑ
801 4415 816 4447 3
841 4401 953 4460 quodam
979 4400 1122 4446 correctore
1149 4399 1175 4444 in
1201 4399 1267 4444 αὐτο
1290 4411 1345 4444 mu·

166 4484 252 4529 tatum
270 4481 311 4527 sit.
397 4473 399 4478 ’
1221 4491 1224 4498 ·

201 4555 224 4623 ¹)
241 4559 392 4606 8331133133
411 4559 537 4608 wohlrab.
557 4560 630 4606 colon
648 4560 742 4619 poenit,
760 4563 848 4607 eontra
866 4559 958 4618 reliqui
976 4558 1088 4604 editores
1105 4557 1172 4604 male
1190 4569 1297 4604 comma.

201 4633 225 4702 ³)
243 4637 281 4684 Of.
299 4639 379 4686 343Ῑ)
398 4639 411 4684 ὁ
428 4645 531 4693 τοιοῦτος
548 4646 579 4702 τῷ
597 4642 698 4702 τοιούτῳ.
