3278 5098
855 321 874 381 2

276 508 308 569 in
340 507 490 584 Gorgiam
525 511 768 570 commentariis
805 511 980 571 identidem
1013 512 1188 572 Civitatem
1222 507 1273 582 τὰς
1304 510 1450 582 πολιτείας

267 625 426 699 appellat.

322 737 409 812 Quae
440 753 514 798 cum
547 738 631 811 apud
655 740 782 797 veteres
805 737 978 812 scriptores
1003 740 1110 798 exstet
1134 738 1360 814 discrepantia,
1386 753 1449 797 non

275 852 396 910 mirum
420 855 471 912 est
494 851 619 911 codices
641 853 770 911 nostros
789 851 869 910 item
891 853 923 911 in
944 853 1090 912 diversas
1110 854 1219 926 partes
1239 853 1336 913 abire.
1352 852 1453 912 Maior

275 968 385 1024 autem
410 979 486 1038 pars
508 979 582 1023 curn
607 962 833 1037 Olympiodoro
854 967 887 1023 et
907 965 1045 1025 Moeride
1067 965 1155 1039 iacit,
1176 979 1313 1038 quorum
1333 980 1451 1038 agmen

274 1079 363 1138 ducit
396 1078 580 1151 praeclarus
612 1077 667 1137 ille
701 1078 877 1154 Parisinus,
907 1080 936 1138 A
966 1079 1076 1140 littera
1108 1079 1292 1154 insignitus,
1325 1080 1357 1139 in
1389 1093 1452 1151 quo

275 1193 356 1252 haec
379 1191 546 1265 inscriptio
570 1193 638 1251 est:

765 1303 927 1375 Πλάτωνος

588 1421 739 1478 Πολιτεῖαι
765 1451 805 1460 -
828 1414 848 1497 ἢ
871 1406 937 1497 περὶ
962 1416 1089 1478 δικαίου.
1114 1423 1145 1477 Λ

275 1533 396 1593 Eadem
428 1532 460 1591 in
492 1532 598 1593 codice
629 1532 864 1608 Malatestiano‚
897 1549 917 1593 a
946 1534 980 1593 L.
1007 1531 1203 1606 Oampbellio
1232 1534 1306 1606 post
1328 1532 1399 1592 Par.
1423 1533 1452 1591 A

277 1649 310 1706 et
340 1646 418 1706 Ven.
444 1647 476 1702 11
505 1645 637 1720 plurimi
667 1646 763 1720 facto,
793 1646 930 1706 recurrit
958 1646 1093 1715 (omissa
1116 1645 1226 1705 littera
1249 1649 1300 1716 A).
1322 1644 1451 1705 Utrum·

276 1777 337 1834 que
364 1754 385 1829 ¹)
420 1759 554 1819 titulum
589 1759 693 1832 prima
728 1774 846 1818 manus
881 1758 996 1818 Veneti
1028 1759 1038 1818 t
1070 1759 1230 1819 servavit:
1267 1759 1452 1842 invenimus

277 1875 364 1934 enim
397 1871 558 1943 Πλάτωνος
573 1872 734 1943 -κολιιείας
764 1869 784 1950 ἢ
813 1869 880 1950 περὶ
904 1871 1022 1931 δικαίου
1047 1886 1075 1948 u,
1098 1872 1190 1930 Πλολτ.
1213 1875 1356 1932 πολιτεῖαι
1379 1867 1399 1949 ἢ
1422 1891 1451 1928 ιι.

276 1970 355 2065 λβ]
386 1985 476 2044 Πλοίτ.
511 1985 657 2057 πολιτείας
687 1982 707 2064 ἢ
738 2006 768 2044 τι.
801 1986 826 2045 δ.
852 1992 886 2064 p;
920 1987 1023 2046 altera
1052 1989 1164 2046 autem
1200 2001 1275 2060 pars
1306 1986 1452 2047 eiusdem

225 2179 227 2184 Α
276 2100 394 2160 codicis
426 2099 456 2168 (i.
478 2115 505 2158 e.
538 2114 624 2159 man.
657 2099 808 2167 secunda)
841 2099 958 2171 ubique
990 2099 1087 2159 habet
1112 2097 1273 2169 Πλάτωνος
1297 2103 1451 2159 πολιτειῶν

275 2211 417 2290 τέταρτος,
443 2208 572 2287 πέμπτος
602 2213 662 2272 etc.
687 2214 724 2272 ln
748 2211 911 2272 codicibus
935 2212 1128 2273 Florentinis
1152 2217 1227 2283 (uno
1250 2209 1275 2292 γ’
1300 2214 1451 2288 excepto:

278 2323 431 2395 Πολιτείας
458 2330 486 2395 ᾱ)
510 2329 543 2386 et
567 2326 865 2387 Vindobonensibus
889 2326 959 2386 sive
984 2325 1144 2397 Πλάτωνος
1164 2309 1323 2386 ’πολιτειῶν
1343 2340 1362 2384 d
1383 2327 1452 2387 Sive

277 2440 435 2509 Πλάτωνος
470 2443 612 2499 πολιτεῖαι
641 2436 661 2518 ἢ
695 2436 762 2516 aspi
794 2438 912 2499 δικαίου
944 2454 963 2497 d
994 2441 1152 2514 scriptum
1183 2441 1379 2501 invenimus·
1413 2440 1451 2499 In

276 2554 458 2615 Monacensi
490 2569 510 2626 q
533 2553 650 2626 legitur
674 2551 834 2623 Πλάτωνος
861 2553 1033 2627 Πολιτειῶν,
1055 2551 1174 2630 repetem
1200 2553 1451 2626 etsubscriptio
1528 2605 1530 2609 ,

275 2669 371 2743 primi
394 2668 467 2727 libri
491 2669 542 2727 est
565 2664 644 2736 τέλος
670 2665 825 2736 Πολιτείας
844 2665 973 2744 πρῶτον,
996 2666 1128 2726 secundi
1153 2666 1225 2725 libri
1245 2668 1357 2728 autem
1380 2666 1452 2725 sub·

277 2783 407 2856 scriptio
430 2777 510 2850 τέλος
533 2784 697 2855 πολιτειῶν,
721 2777 864 2857 δευτέρας.
887 2779 932 2840 De
953 2780 1069 2840 ceteris
1089 2780 1251 2840 codicibus
1272 2780 1352 2839 nihil
1374 2779 1453 2840 certi

276 2897 391 2956 afferre
414 2911 558 2972 possum,
583 2897 611 2955 si
634 2912 709 2956 vero
730 2912 771 2956 ex
792 2896 940 2956 veterum
961 2896 1138 2955 editionum
1160 2895 1266 2954 titulis
1284 2887 1307 2964 ²)
1328 2898 1453 2964 (omnes

277 3012 439 3071 Πολιτειῶν
475 3010 638 3079 exhibent)
673 3009 819 3069 nonnihil
854 3009 1003 3082 colligere
1037 3008 1123 3084 licet,
1159 3009 1241 3069 satis
1277 3008 1454 3068 verisimile

277 3126 328 3182 est
363 3124 500 3184 Bekkeri
535 3138 662 3195 quoque
697 3122 823 3183 codices
858 3137 972 3182 omnes
1007 3123 1115 3196 potius
1149 3125 1304 3180 πολιτειῶν
1335 3136 1453 3182 nomen

276 3251 376 3310 quam
406 3235 552 3305 πολιτείας
585 3239 668 3308 (gen.
693 3235 786 3308 sing.)
818 3235 852 3294 in
879 3235 984 3295 fronte
1007 3249 1128 3307 gerere.
1155 3233 1318 3304 (Codicum
1343 3249 1453 3308 cogna-

278 3351 400 3410 tionem
425 3366 442 3410 e
465 3349 571 3409 titulis
594 3364 719 3421 quoque
743 3348 979 3422 quodammodo
1003 3348 1151 3421 cognosci
1173 3363 1269 3422 posse
1289 3348 1454 3409 neminem

279 3464 401 3538 fugiet.)

324 3573 481 3640 Omnibus
516 3581 628 3639 autem
662 3578 740 3637 viris
775 3578 878 3638 doctis
910 3592 1101 3651 persuasum
1134 3579 1185 3637 est
1216 3575 1310 3636 unice
1344 3589 1454 3636 veram

279 3708 351 3753 esse
386 3692 544 3762 Πολιτείαν
579 3692 822 3765 inscriptionem
853 3692 947 3764 idque
980 3707 997 3751 e
1029 3691 1143 3751 multis
1174 3691 1277 3764 ipsius
1310 3689 1455 3748 Platonis

278 3806 357 3865 locis
390 3806 572 3880 Stephanus
603 3808 635 3865 et
666 3805 780 3864 Aetius
811 3803 915 3864 lucide
940 3805 1204 3865 demonstrarunt
1224 3796 1257 3874 ³).
1283 3801 1456 3880 Quaerenti

282 4002 499 4015 —-——..-..--

313 4145 332 4208 ¹)
350 4148 405 4204 Qua
423 4160 454 4193 ex
470 4144 642 4203 discrepantia
659 4142 848 4202 quodammodo
865 4143 937 4200 patet
955 4140 1025 4186 illiue
1043 4139 1138 4186 codicis
1155 4151 1261 4185 manum
1278 4137 1387 4196 primam
1406 4148 1456 4181 non

280 4228 366 4273 statim
385 4240 399 4273 e
416 4227 474 4273 Par.
492 4226 514 4271 A
531 4224 643 4272 fluxisse.

312 4301 334 4368 2)
351 4305 443 4352 Aldina
469 4318 552 4364 cugn:
580 4305 615 4350 Ar
640 4307 759 4355 πολιτεῖαι,
786 4303 815 4354 ὡς
840 4305 884 4359 μία
906 4303 992 4363 βίβλος,
1015 4303 1140 4353 πολιτικαί,
1164 4298 1247 4350 αἵτινες
1268 4298 1299 4350 τίς
1321 4293 1378 4341 δίκα
1398 4293 1455 4341 διαι-

281 4391 374 4450 ροῦνται
392 4385 519 4443 διαλόγους,

314 4459 334 4523 ³)
352 4464 482 4510 Isocrates
506 4463 609 4525 (Philip.
633 4457 732 4525 1218)
758 4460 836 4507 verbu
860 4455 949 4524 (νόμοις
972 4453 1022 4522 καί)
1046 4461 1170 4510 πολιτείαις
1190 4463 1241 4510 ταῖς
1263 4453 1308 4500 ὑπὸ
1328 4461 1374 4498 τῶν
1391 4468 1456 4512 σοφι-

282 4551 342 4588 στῶν
366 4543 534 4608 γεγραμμέναις
556 4542 661 4589 minime
684 4540 861 4587 demonstrant
884 4542 1003 4584 πολιτειῶν
1025 4549 1118 4584 nomen
1142 4535 1174 4582 ab
1197 4534 1254 4594 ipso
1274 4529 1381 4579 Platone
1399 4543 1454 4590 pro·

282 4623 379 4668 iactum
400 4633 456 4668 esee
473 4625 500 4668 et
516 4621 603 4680 potius
621 4621 647 4665 in
666 4619 822 4666 contrarium
841 4616 929 4664 cedere
947 4616 1074 4663 videntur.
