3278 5098
782 343 801 400 3

198 527 287 588 unde
318 529 420 594 altera
450 532 612 598 (πολιτεῖαι)
642 529 808 602 inscriptio
840 530 912 588 orta
942 528 995 604 sit,
1028 529 1155 590 nullum
1180 532 1307 591 certum
1331 547 1377 592 re·

198 655 359 715 sponsum
379 641 455 702 dare
474 656 619 716 possum,
640 643 697 702 sed
718 642 894 702 verisimile
914 657 987 702 esse
1008 642 1088 702 duco
1109 644 1228 718 parlim
1242 660 1279 704 eo
1294 645 1378 717 quod

200 755 236 813 in
268 753 331 814 line
362 756 467 842 operis
499 755 627 816 diversa
650 755 844 830 reipublicae
869 769 987 828 genera
1010 759 1173 825 (πολιτεῖαι)
1197 757 1377 819 describan-

200 870 259 928 tur
291 870 326 929 et
359 869 598 944 recenseantur,
634 868 752 942 partim
784 882 920 927 numero
951 867 1066 941 plurali
1099 869 1227 940 cognati
1249 869 1378 946 dialogi,

201 981 256 1042 cui
286 979 386 1058 Νόμοι
416 996 535 1042 nomen
565 981 705 1041 inditum
737 983 798 1057 est,
831 982 974 1054 itemque
1006 996 1141 1042 numero
1172 982 1288 1056 plurali
1312 983 1380 1042 Ari·

202 1094 332 1156 stotells
363 1097 540 1170 Πολιτικῶν,
570 1096 625 1155 ubi
653 1095 766 1155 eadem
790 1095 984 1169 reipublicae
1008 1109 1126 1168 genera
1150 1095 1380 1156 examinantur

203 1224 289 1281 quae
318 1209 402 1282 apud
433 1209 613 1284 Platonem,
638 1209 791 1269 effectum
815 1223 889 1268 esse
912 1209 1004 1268 utin
1028 1209 1149 1268 scholis
1172 1210 1266 1269 iuxta
1290 1212 1381 1268 Πολι-

202 1321 282 1392 τείας
315 1325 349 1383 et
383 1326 545 1382 Πολιτειῶο
577 1337 696 1383 nomen
727 1322 886 1396 paulatim
916 1321 1100 1382 invaluerit.
1132 1322 1202 1382 Non
1226 1337 1306 1396 opus
1331 1325 1382 1383 est

202 1452 259 1496 me
282 1451 412 1496 monere
436 1437 469 1496 in
490 1452 529 1498 ea
551 1437 693 1497 nominis
718 1436 899 1496 mutatione
924 1436 1109 1495 Aristotelis
1134 1436 1289 1508 Πολιτείας
1313 1437 1380 1496 nul-

203 1550 270 1609 lius
299 1552 458 1611 momenti
488 1551 590 1610 fuisse
620 1551 721 1611 nimio
754 1549 939 1610 discrimine
963 1551 1048 1609 inter
1071 1551 1150 1609 haec
1173 1550 1236 1609 duo
1262 1550 1382 1623 scripta

205 1665 436 1726 intercedente.

250 1777 367 1838 Restat
399 1780 436 1838 ut
469 1779 509 1839 de
540 1777 690 1838 additioio
716 1778 812 1838 titulo
842 1775 909 1852 ιτερί
938 1776 1055 1836 δικαίου
1079 1792 1181 1851 pauca
1206 1778 1322 1838 dicam.
1347 1778 1381 1836 is

204 1892 315 1966 procul
346 1892 443 1952 dubio
474 1907 538 1953 non
569 1906 589 1951 a
620 1891 753 1951 Platone
782 1890 928 1951 adiectus
952 1891 1012 1965 est,
1037 1892 1093 1951 sed
1117 1891 1185 1950 falli
1208 1890 1381 1951 Schneider

204 2006 287 2065 mihi
311 2005 438 2065 videtur
460 2007 552 2064 ratus
575 2006 703 2078 propter
727 2004 879 2077 Diogenis
903 2001 963 2079 (III
987 2005 1039 2072 57)
1065 2004 1162 2064 verba
1185 2019 1262 2064 eum
1286 2003 1380 2064 Thra·

204 2120 289 2193 syllo
324 2119 566 2179 attribuendum
603 2133 685 2178 esse.
718 2118 876 2192 Primum,
907 2131 990 2189 quae
1022 2118 1055 2177 et
1085 2115 1195 2177 (lebeti
1219 2118 1382 2178 sententia
1460 2195 1462 2200 ,

205 2233 279 2308 luit,
300 2248 363 2293 non
382 2233 422 2292 de
440 2232 497 2292 illo
517 2232 698 2306 Thrasyllo,
718 2232 773 2304 qui
793 2232 852 2290 sub
874 2231 1000 2291 Tiberio
1019 2231 1137 2307 floruit,
1156 2232 1381 2306 cogitandum

205 2346 331 2420 deinde,
351 2345 482 2405 etiarnsi
500 2345 669 2419 Thrasyllo
690 2344 889 2417 dialogorum
910 2344 943 2402 in
960 2344 1149 2417 tetralogias
1161 2346 1277 2405 divisio
1290 2346 1381 2405 relin-

204 2460 334 2533 quenda
356 2461 406 2518 est
430 2458 517 2528 (licet
540 2458 635 2518 aliter
658 2457 802 2517 sentiant
825 2473 856 2516 y.
881 2473 910 2515 v.
936 2457 966 2517 d.
990 2457 1020 2516 d.
1045 2457 1171 2518 Usener
1198 2452 1217 2527 ¹)
1243 2460 1276 2518 et
1301 2458 1383 2519 Wei-

205 2573 271 2632 lius
296 2565 318 2640 ²)
342 2572 547 2647 Tyrannioni,
571 2571 716 2644 Dionysii
740 2570 873 2630 Thracis
897 2570 1063 2645 discipule,
1084 2586 1158 2630 eam
1178 2572 1380 2644 tribuentes),

206 2685 342 2745 minime
384 2685 531 2757 sequitur
572 2699 648 2744 eum
691 2687 724 2743 et
762 2683 931 2743 additlclos
965 2683 1078 2743 titulos
1114 2684 1230 2756 quibus
1265 2684 1382 2756 dialogi

206 2799 458 2874 distinguuntur,
501 2800 714 2870 excogitasse.
758 2798 875 2872 Immo,
914 2799 951 2856 ut
985 2797 1195 2856 Alexandrini
1230 2797 1382 2857 Herodoti

204 2906 297 2971 libris
331 2923 502 2972 musarum
536 2912 669 2972 nomina
704 2912 819 2971 dedere
851 2910 902 2971 vel
933 2910 1067 2970 Homeri
1098 2910 1279 2985 rhapsodiis
1310 2911 1383 2970 illas

203 3026 325 3101 partim
347 3026 413 3084 iarn
437 3025 470 3084 in
496 3025 612 3097 vulgus
634 3025 731 3084 notas
753 3024 980 3098 inscriptiones
1003 3039 1085 3096 quae
1108 3025 1293 3097 argumenti
1312 3025 1383 3084 vice
1509 3105 1512 3108 Ι

205 3138 393 3214 funguntur,
429 3139 542 3212 quales
576 3141 654 3199 sunt
687 3137 882 3216 τειχοσκοττία,
921 3136 1046 3213 μήνιδος
1083 3134 1256 3216 δικόρρησις,
1289 3139 1382 3213 aliae,

205 3255 399 3328 imposuere,
435 3255 482 3313 sic
519 3255 552 3313 et
582 3253 727 3313 Platonis
764 3253 899 3326 dialogis
934 3253 1007 3312 illos
1042 3253 1156 3313 titulos
1186 3253 1382 3313 adiecerunt.

204 3369 258 3426 An
283 3383 358 3428 vero
380 3368 521 3428 alterum
546 3382 672 3440 quoque
700 3367 960 3427 additamentum
984 3364 1131 3436 ιτολιιικδς
1155 3366 1384 3427 Alexandrinis

205 3481 413 3542 tribuendum
448 3482 494 3541 sit
528 3497 584 3556 pro
615 3482 703 3541 certo
734 3481 880 3540 statuere
910 3480 1093 3553 nequimus,
1126 3480 1188 3538 etsi
1220 3480 1325 3539 multa
1351 3479 1383 3539 id

205 3596 340 3669 probare
370 3595 529 3656 videntur.
562 3596 609 3655 Ad
641 3595 720 3655 illud
751 3592 899 3663 τολιτικδς
930 3593 1000 3654 sine
1032 3593 1127 3652 dubio
1151 3591 1297 3671 διάλογος,
1319 3608 1383 3653 non

205 3705 293 3785 λόγος
322 3723 427 3782 neque
458 3704 534 3784 ἀνὴρ
565 3697 822 3768 subaudiendum
853 3708 914 3781 est,
944 3708 982 3765 ut
1004 3705 1077 3778 quis
1100 3705 1129 3764 si
1152 3705 1234 3765 forte
1258 3705 1384 3766 dubitat

207 3838 225 3882 e
249 3821 326 3882 clar.
350 3821 388 3881 R.
413 3821 547 3882 Hirzelii
571 3821 721 3890 (Hermes
748 3822 844 3888 1876)
874 3819 1092 3893 disputatione
1115 3819 1237 3892 optime
1261 3819 1383 3879 discere

205 3936 325 4008 potest.

247 4047 320 4107 Non
350 4048 403 4108 hic
434 4051 484 4108 est
515 4049 606 4109 locus
630 4047 908 4108 commemorandi
932 4048 1010 4120 quot
1033 4048 1236 4119 quantasque
1261 4047 1383 4104 contro·

206 4162 333 4222 versias
367 4161 452 4222 inter
485 4162 572 4221 viros
606 4161 718 4222 doctos
752 4161 855 4221 altera
885 4160 942 4220 illa
971 4157 1038 4236 περὶ
1070 4158 1188 4218 δικαίου
1218 4158 1385 4232 inscriptio

205 4275 376 4350 pepererit,
411 4275 492 4348 ipsis
523 4290 599 4335 vero
629 4275 772 4347 antiquis
799 4274 1023 4346 quaestionem
1048 4274 1086 4332 de
1109 4273 1252 4346 optimae
1283 4273 1383 4345 reipu-

240 4541 260 4610 ¹)
278 4545 335 4592 vid.
354 4544 466 4606 Gotting.
485 4546 541 4594 Gal.
559 4547 651 4595 Nachr.
671 4549 744 4595 1892.

237 4619 260 4686 2)
279 4625 369 4672 Journ.
387 4625 433 4673 das
451 4627 509 4674 sav.
528 4627 600 4673 1892.
