3260 5098
817 276 878 332 136

112 462 176 521 453
199 455 230 522 A
298 461 433 522 Dobraei
463 462 749 536 transpositionem
780 456 917 517 κάλλιστα
948 453 997 515 καὶ
1021 455 1214 534 τελευτήσειεν
1237 457 1307 518 iure
1335 458 1435 518 Stall-

199 570 351 634 Bbaum
395 575 599 649 improbavit.
624 567 644 659 ΙΙ
668 573 811 634 Heuedio
851 571 1023 645 corrigenti
1057 567 1129 648 ὑμῖν
1163 567 1299 646 ἀλλήλοις
1334 587 1435 632 nemo

253 686 370 762 paruit,
395 690 492 762 recte,
517 703 591 748 oum
615 687 725 762 procul
749 685 844 746 dubio
868 683 1059 759 respiciatur
1079 683 1169 744 locus
1189 683 1222 743 in
1244 685 1308 744 452
1328 685 1354 744 Ε
1374 685 1433 746 ult.

252 795 303 856 καὶ
332 796 434 860 δοτέον
457 798 678 880 ἀμφισβήτησιν
702 799 757 859 εἴτε
779 820 891 870 τις....
916 793 1010 857 ἐθέλει
1032 793 1264 876 ἀμφισβητῆσαι.
1289 831 1333 840 -
1358 799 1434 859 Mox

252 913 374 985 corrige
404 909 527 973 ἕκαστον
560 910 622 986 [ἕνα
640 907 672 984 1)]
702 911 739 972 iv
771 909 814 984 [τὸ
838 909 942 983 αὑτοῦ]
969 909 1114 988 πράττειν,
1138 912 1218 971 Post
1239 908 1314 970 κατὰ
1336 911 1432 986 φύσιν

252 1026 351 1087 verba
380 1022 433 1085 ἕνα
465 1027 495 1097 (i.
521 1043 547 1088 e.
572 1023 625 1085 ἕνα
649 1023 720 1086 ὄντα
743 1026 783 1087 of.
808 1027 872 1086 488
896 1025 933 1101 D,
959 1026 1022 1085 870
1046 1024 1082 1094 Β)
1107 1020 1311 1084 etidcirco
1337 1024 1433 1099 plane

253 1139 427 1200 abundant.
453 1140 552 1201 Recte
575 1139 779 1213 Hirschigius
803 1141 948 1211 (Argum.
974 1137 1118 1198 nonnuli.
1142 1137 1176 1197 in
1197 1137 1320 1198 Platon.
1348 1138 1433 1197 1862

209 1255 233 1322 G
257 1254 290 1312 et
309 1253 356 1312 ed.
378 1252 471 1326 corg.
488 1253 583 1323 1873)
595 1254 750 1327 probante
762 1253 891 1312 Baitero
903 1251 1119 1321 correxitque
1131 1244 1160 1310 δ’
1176 1247 1213 1310 oli
1228 1247 1396 1329 [διαφέρειλ
1414 1243 1432 1336 Η

258 1365 399 1426 Galenus
422 1365 456 1424 in
478 1363 609 1441 §initio
629 1367 716 1426 recte
736 1364 815 1441 νυνί,
833 1380 897 1438 quo
917 1364 1124 1425 vehementia
1145 1364 1300 1425 orationis
1313 1365 1435 1438 optime

258 1479 447 1555 ostenditur,
479 1479 620 1540 tradidit.
653 1479 690 1538 In
722 1479 740 1548 5
769 1478 828 1538 ult.
860 1478 947 1538 recte
978 1477 1049 1538 Par.
1082 1467 1123 1537 AI
1152 1470 1239 1536 ταῦτ’
1264 1474 1342 1536 ἔστιν
1366 1474 1435 1554 (pro

206 1593 237 1658 1)
261 1588 347 1662 ἐστίν)
368 1592 509 1652 exhibet.
523 1583 542 1676 ΙΙ
556 1593 691 1674 Temere
709 1591 813 1652 Groen
826 1608 855 1650 v.
870 1591 1106 1650 Prinstererurn
1121 1590 1214 1662 (fugit
1226 1592 1314 1650 enim
1327 1592 1435 1651 virum

258 1707 286 1766 d.
323 1705 464 1767 Socratis
498 1707 677 1768 orationem
704 1703 951 1779 'quodammodo
982 1720 1002 1766 a
1036 1705 1198 1766 Glaucone
1232 1705 1435 1780 interrumpi)

258 1820 429 1880 verborum
460 1819 603 1880 ordinem
635 1819 669 1879 in
702 1819 835 1892 vulgata
866 1816 902 1878 od
926 1814 967 1894 μὰ
989 1815 1042 1877 τὸν
1065 1817 1133 1894 Δία,
1155 1815 1224 1895 ἔφη,
1247 1817 1283 1878 od
1306 1815 1361 1897 γὰρ
1383 1822 1435 1878 κτλ

257 1933 451 1992 sollicitasse
485 1933 617 2008 patebit,
653 1933 681 1991 si
713 1932 887 1992 contuleris
918 1930 1030 1991 605E
1064 1931 1097 1991 et
1129 1931 1235 2017 Pann.
1264 1932 1323 1991 131
1349 1932 1374 1992 Ε
1397 1930 1434 1991 οὐ

258 2042 299 2121 μὰ
332 2043 383 2104 τὸν
415 2044 482 2120 Δία,
512 2044 617 2122 φάναι,
646 2041 683 2104 οὔ
716 2065 766 2120 μοι
797 2043 882 2102 δοκεῖ
907 2039 1031 2103 εὔκολον
1063 2035 1138 2102 εἶναι
1162 2040 1194 2103 τὸ
1218 2052 1352 2104 τοιοῦτον
1375 2048 1434 2104 κτλ.

259 2158 339 2219 Cum
375 2159 556 2218 coniunctio
590 2155 648 2247 γὰρ
683 2173 780 2232 saepe
811 2156 918 2217 valeat
949 2157 1035 2217 idem
1067 2172 1105 2217 ao
1139 2152 1329 2235 „profecta”
1364 2159 1435 2219 sine

261 2286 359 2332 causa
394 2271 505 2331 Stallb.
540 2267 596 2350 γὰρ
632 2272 707 2330 ante
743 2267 854 2354 εὐκόλῳ
889 2270 1061 2331 delendum
1092 2272 1227 2332 censuit.
1258 2273 1373 2345 ltaque
1403 2273 1438 2332 et

260 2385 295 2446 0.
320 2385 416 2459 Apelt
436 2383 670 2454 (Observation.
692 2384 762 2443 crit.
784 2383 817 2442 in
837 2383 919 2444 Plat.
940 2383 1026 2459 dial,
1050 2384 1146 2460 1880,
1160 2383 1435 2460 WeimarGymn.

259 2499 412 2568 Jbrsber.)
444 2498 514 2556 sine
531 2512 645 2586 ¹causa
676 2499 767 2570 (opus
789 2498 957 2570 praeterea
979 2496 1087 2556 fuerat
1109 2498 1143 2556 ni
1165 2497 1259 2558 fallor
1280 2496 1317 2558 od
1341 2497 1437 2576 μάτην

260 2633 299 2691 γε
322 2609 363 2688 μὰ
385 2609 436 2670 τὸν
460 2609 519 2668 Δία
542 2608 604 2688 κτλ)
628 2611 667 2672 ci.
692 2608 728 2670 οὐ
756 2609 938 2688 <μάτην>,
960 2607 1001 2686 μὰ
1019 2608 1071 2670 τὸν
1091 2609 1150 2669 Δία
1171 2608 1227 2689 (sc.
1250 2612 1436 2688 verebaris),

259 2723 316 2800 ἔφη
341 2741 346 2754 ·
371 2721 407 2783 οὐ
431 2721 487 2802 γὰρ
510 2727 568 2782 κτλ.
591 2724 696 2783 -In
718 2723 876 2797 proximis
894 2722 1050 2784 vocabulo
1070 2719 1184 2801 ἄκορον
1204 2724 1331 2784 nullum
1353 2740 1437 2784 com·

259 2838 390 2897 modum
406 2829 427 2906 2)
460 2851 594 2896 sensum
626 2837 799 2909 praebente
830 2835 940 2895 nullus
964 2835 1074 2897 dubito
1098 2837 1174 2909 quin
1199 2835 1438 2897 Herwerdenus

259 2947 333 3024 (Mn.
361 2949 457 3019 1883)
482 2949 665 3021 corrigendo
690 2944 802 3006 ἄτοκον
822 2947 966 3008 Platonis
986 2964 1120 3009 manum
1141 2950 1233 3010 nobis
1253 2951 1436 3028 reddiderit,

259 3077 335 3123 cum
365 3062 449 3121 inter
476 3058 636 3137 θαυμαστὰ
660 3061 741 3131 (coll.
766 3053 883 3122 Herodi
908 3063 1014 3123 verbis
1037 3062 1075 3123 de
1097 3063 1216 3124 Arione
1240 3079 1260 3124 a
1284 3065 1436 3139 delphino

259 3176 388 3236 servato
418 3180 509 3251 θῶμα
540 3171 685 3253 μέγιστον,
711 3172 890 3253 Ἀρίων...
915 3170 962 3232 ἐπὶ
986 3174 1125 3250 δελφῖνος
1149 3173 1349 3254 ἐξενειχθέντα
1374 3182 1436 3250 aad)

260 3291 419 3350 eiusmodi
443 3288 582 3368 σωτηρίαι
606 3289 791 3350 referendae
812 3289 887 3350 sint.
908 3289 1025 3351 Naberi
1045 3290 1118 3361 (Mn.
1143 3292 1238 3362 1879)
1252 3293 1313 3352 oam
1328 3287 1439 3368 ἄλογον

210 3405 371 3473 Eminus
402 3405 597 3478 probandam
632 3405 721 3464 duco.
747 3393 834 3485 117ιι
864 3402 889 3462 L
920 3407 1124 3481 κατηγορεῖται
1153 3405 1247 3466 unice
1277 3421 1352 3466 vera
1374 3407 1438 3482 est,

258 3533 331 3579 oum
357 3532 455 3591 supra
476 3517 618 3577 Glaucen
642 3531 805 3590 nusquam
829 3516 1028 3576 accusatoris
1051 3519 1161 3591 partes
1187 3518 1376 3594 susceperit.

112 3635 175 3694 454
204 3633 234 3697 B
302 3630 412 3691 Unum
445 3629 606 3694 Venetum
638 3625 666 3693 Ξ
691 3626 723 3688 τὸ
756 3626 868 3706 <μὴ>
896 3625 950 3704 τὴν
974 3626 1069 3705 αὐτὴν
1093 3630 1186 3705 φύσιν
1211 3629 1255 3690 ὅτι
1277 3635 1326 3690 κτλ
1348 3646 1438 3705 prae·

258 3745 387 3804 bentem
411 3744 515 3804 secuti
535 3744 612 3802 sunt
632 3757 746 3803 omnes
769 3743 909 3804 editores
928 3745 1056 3817 praeter
1074 3745 1252 3822 Baiterum,
1272 3747 1326 3820 qui
1339 3747 1438 3820 (prob.

257 3856 368 3917 Herm.
393 3860 425 3918 et
449 3859 578 3919 Hellero
604 3858 676 3920 Gur.
703 3858 779 3919 (trit.
802 3874 833 3932 p.
859 3860 899 3919 31
921 3862 980 3931 eq.)
1003 3855 1095 3937 ἄλλην
1115 3875 1171 3934 pro
1184 3857 1278 3937 αὐτὴν
1291 3862 1437 3924 coniecit.

256 3972 333 4031 Mihi
363 3971 443 4034 illud
479 3969 571 4050 ἄλλην
606 3972 756 4047 displicet
789 3973 957 4047 propterea
991 3973 1075 4055 quod
1110 3973 1181 4034 coll.
1213 3972 1232 4050 ξ
1263 3974 1321 4036 ult.
1353 3971 1439 4059 (ἄλλῃ

288 4224 309 4293 ¹)
327 4229 408 4276 Abest
426 4231 458 4277 ab
477 4230 576 4289 aliquot
593 4230 667 4279 codd.

285 4303 305 4370 ²)
338 4310 488 4356 Sonnnrnna
507 4309 596 4372 ἄκορον
617 4323 670 4356 σιντ.
690 4310 837 4368 intelligens
859 4308 993 4365 ,salutem
1013 4321 1080 4366 quae
1101 4309 1214 4357 humana
1235 4323 1284 4369 ope
1306 4310 1439 4358 conciliari

249 4389 354 4446 nequit¹’
372 4389 429 4435 voci
450 4389 537 4452 ἄπορος
554 4389 605 4434 vim
623 4388 716 4435 attulit.
735 4391 770 4434 Τὰ
785 4389 862 4453 ἄπορα
879 4387 947 4434 onim
962 4389 1135 4445 quamtumvis
1150 4386 1268 4436 difficilia
1283 4393 1439 4448 comparatu

247 4469 334 4514 tamen
360 4480 464 4526 semper
491 4467 607 4525 ipsorum
632 4468 765 4515 hominum
791 4480 869 4528 opera
901 4467 930 4514 et
954 4464 1046 4512 labore
1074 4470 1263 4532 comparantur,
1292 4470 1322 4516 ut
1348 4469 1397 4518 878
1416 4471 1440 4517 Δ

247 4545 338 4609 ἄπορον
354 4551 431 4603 θῦμα.
