3260 5098
700 269 760 328 121

139 454 249 514 tanter
267 451 307 530 μή
328 451 431 512 τοίνυν
451 455 484 512 et
501 453 583 523 (coll.
597 453 741 514 Phaedro
756 454 819 514 245
832 454 868 523 Β)
885 452 1045 536 θορυβήσῃ
1062 453 1221 533 (λόγος)
1235 501 1312 514 ......

138 565 260 625 νσοὶνουν
292 563 417 645 ἀγαθῶν
449 570 514 639 (pro
546 575 604 624 νῶν
628 563 775 644 ἀγαθῶν),
803 581 939 640 quarum
966 569 1201 628 correctionum
1225 569 1314 629 nulla

139 681 220 740 mibi
244 680 427 740 necessaria
449 679 584 739 *ridetur
605 679 655 739 Ad
674 678 835 760 θορυβήσῃ
855 683 966 740 mente
986 683 1099 756 supple
1119 678 1211 761 λέγων
1232 683 1314 751 (ude

139 795 308 866 praeterea
337 794 421 853 infra
452 788 582 851 ὀνοῦου
606 789 707 871 λέγων)
732 794 765 852 et
789 794 974 867 corrigendo
999 794 1169 866 υοὶνοες....
1194 794 1314 854 πάντων

139 903 266 984 ἀγυθῶν
298 905 501 972 clarissimus
528 906 685 966 Richards
708 907 877 967 Platonem
901 923 1017 982 parum
1041 909 1187 984 venuste,
1211 909 1313 969 immo

137 1034 238 1092 prave
273 1026 362 1090 (narn
396 1036 476 1095 opus
512 1020 628 1080 fuisset
662 1019 783 1082 πάντων
813 1029 871 1079 τῶν
902 1017 1037 1100 ἀγαθῶν,
1068 1022 1107 1081 cf.
1141 1022 1313 1096 Hipparcb.

94 1129 115 1196 C
140 1133 204 1193 227
218 1133 254 1204 Β)
282 1133 476 1193 scribentem
496 1133 581 1193 fecit.
607 1124 625 1215 ΙΙ
650 1133 720 1190 vam
740 1133 765 1192 L
785 1131 859 1212 πρὸς
882 1131 938 1205 [τὰ]
961 1133 1125 1214 βραδύτερα
1145 1135 1232 1209 prob.
1254 1136 1315 1194 Ast

137 1245 218 1306 Bkk.
253 1246 364 1308 Stallb.
394 1248 513 1322 (1829),
547 1248 629 1319 quod
661 1261 739 1306 sane
772 1247 892 1307 rectius
917 1262 1015 1321 quam
1041 1247 1215 1308 articulum
1239 1240 1315 1308 ante

136 1373 241 1419 unum
265 1358 429 1437 βραδύτερα
453 1374 583 1420 servare
607 1359 740 1432 reliquis
766 1360 935 1433 adjectivis
958 1360 1093 1421 articulo
1117 1362 1311 1422 carentibus,

138 1471 219 1532 (lum
252 1474 363 1532 autem
394 1473 517 1546 aliquot
549 1473 637 1558 codd.
673 1473 848 1533 exhibeant
878 1470 952 1551 νοὸς
986 1469 1104 1547 <νὰ>
1138 1473 1315 1553 κουφότερον,
1347 1515 1349 1520 ,

136 1585 321 1645 rectissime
351 1585 461 1645 Baiter
475 1579 496 1656 ¹)
527 1585 605 1645 olim
637 1586 677 1647 ci.
705 1585 820 1659 ubique
846 1582 881 1644 τὰ
903 1587 1140 1646 restituendum
1165 1603 1246 1647 esso.
1276 1621 1313 1631 -

137 1698 257 1758 vamL
290 1697 358 1759 ὅπου
377 1697 451 1776 Ι[δή]
486 1699 533 1758 δεῖ
561 1700 648 1774 prob.
679 1701 742 1760 Ast
765 1699 844 1759 Bkk.
872 1700 984 1760 Stallb.
1009 1701 1128 1775 (1858),
1154 1701 1249 1775 male,
1273 1701 1313 1761 cf.

136 1828 190 1873 θΧ.
211 1827 258 1886 gr.
280 1812 439 1887 Euthyph.
467 1813 549 1873 11Β
573 1811 628 1871 εἴτε
651 1816 842 1887 φιλεῖται....
867 1811 922 1872 εἴτε
947 1811 963 1872 ὅ
987 1835 1013 1871 τι
1038 1811 1075 1889 δὴ
1099 1811 1210 1892 πάσχει.
1236 1813 1314 1874 Vide

137 1942 179 1987 an
201 1927 246 1987 sit
265 1928 486 2000 corrigendum
509 1919 584 1985 οἶνον
604 1942 660 2002 pro
680 1931 791 2002 θεῖναι,
811 1928 896 1988 sicut
915 1927 998 1988 inira
1017 1928 1059 1998 (in
1081 1928 1098 1998 ἓ
1119 1927 1153 1998 Ε)
1176 1927 1315 2001 legimus

139 2038 236 2100 αὐτοῦ
260 2032 350 2119 οὗπερ
375 2038 518 2118 ἐπιστήμη
543 2039 657 2100 ἐστίν.
683 2041 764 2116 Quid
788 2041 831 2100 sit
854 2039 909 2118 τήν
931 2038 1094 2118 ἐπιστήμην
1114 2038 1193 2112 τινὸς
1214 2045 1317 2100 θεῖναι

139 2170 205 2215 non
236 2155 391 2227 intelligo.
424 2155 621 2215 Scauriana·
642 2155 739 2214 vertit
770 2155 840 2230 „vel
865 2155 1084 2228 cuiuscunque
1108 2154 1242 2215 dicenda
1266 2156 1317 2215 est

140 2284 214 2329 esse
238 2268 405 2344 scientia”,
430 2269 497 2328 Asr
524 2268 594 2344 „vel
618 2268 688 2328 eius
711 2269 767 2344 rei,
792 2269 884 2328 cuius
904 2269 978 2343 poni
998 2270 1124 2343 oportet
1144 2269 1315 2328 scientiam

93 2385 116 2448 ll
140 2383 247 2444 esse.”
273 2374 292 2466 ΙΙ
316 2382 341 2441 Ε
365 2382 476 2456 paucis
500 2382 588 2443 codd.
614 2381 736 2454 corrige
759 2378 808 2440 συὶ
835 2383 969 2455 <οῶν>
992 2381 1134 2440 νοσωδῶν
1159 2383 1225 2451 (aut
1245 2382 1316 2454 lege

143 2496 256 2572 <σε>
289 2493 339 2556 κο)
370 2494 512 2554 νοσωδῶν
543 2495 613 2556 coll.
645 2495 709 2554 444
735 2494 785 2568 O);
818 2494 880 2554 vid.
915 2495 955 2554 ad
989 2495 1052 2554 334
1077 2494 1110 2554 Ε.
1143 2495 1214 2554 Iam
1246 2495 1317 2570 ipsa

140 2611 392 2685 sequentiarum
416 2616 516 2667 κυκῶν
539 2604 589 2666 aui
612 2615 685 2666 νῶν
710 2604 835 2687 ἀγαθῶν
855 2608 974 2668 diserte
994 2607 1220 2668 demonstrant
1241 2608 1317 2682 quid

139 2725 235 2785 Plato
258 2723 432 2798 scripserit.

21 2837 63 2900 439
86 2838 113 2904 A
185 2837 353 2899 codicibus
377 2838 514 2911 (praeter
537 2837 608 2898 Par.
632 2837 671 2906 Κ)
696 2836 808 2896 τούτων
832 2842 897 2912 (pro
920 2841 1016 2908 νοῶνο)
1042 2835 1146 2914 θήσεις
1167 2837 1316 2897 exhiben-

137 2955 228 3014 tibus
262 2968 375 3014 omnes
409 2952 498 3012 editt.
534 2967 657 3012 necnon
689 2951 913 3022 sentinosae)
946 2953 1032 3012 recte
1064 2953 1249 3026 paruerunt.
1276 2985 1316 2994 —

138 3067 315 3139 Sequentia
346 3074 430 3125 οοῶνο
461 3063 530 3143 ὅπερ
556 3063 632 3124 ἐσνίν
657 3066 711 3125 alii
736 3064 830 3124 aliter
855 3065 1036 3140 explicant:
1062 3064 1318 3124 Snnnnanmrrus

137 3156 371 3254 interpretatus
401 3181 453 3239 est
487 3181 665 3254 „quatenus
692 3179 724 3238 id
755 3180 807 3238 est
838 3179 921 3251 quod
954 3178 1235 3253 est'’,04n1>nnun
1263 3193 1318 3253 „aa

138 3295 191 3356 lar
221 3309 258 3355 as
284 3294 328 3353 its
352 3309 484 3354 essence
508 3293 537 3352 is
560 3292 768 3368 concerned'’,
794 3293 981 3352 samareae
1007 3291 1091 3367 „iam
1117 3307 1192 3352 vero
1216 3291 1317 3367 sitim,

139 3409 284 3483 inquam,
309 3422 413 3466 nonne
436 3406 468 3465 id
493 3406 576 3480 quod
601 3407 662 3481 est,
682 3405 767 3464 inter
787 3420 825 3464 ea
844 3405 941 3480 nicea,
963 3419 1045 3478 quae
1058 3404 1194 3464 alicuius
1207 3407 1317 3465 sunt.”

139 3523 186 3582 At
205 3522 346 3596 primurn
366 3521 525 3594 participii
547 3516 581 3578 ὅν
594 3521 667 3594 post
679 3526 764 3578 τοῦτο
777 3519 910 3579 omissio
923 3534 986 3579 non
998 3518 1138 3593 ferenda,
1152 3517 1266 3578 deinde
1279 3520 1318 3578 de

139 3636 202 3695 hac
219 3636 365 3695 versione
378 3633 501 3716 valent,
523 3648 605 3707 quae
620 3633 841 3705 vituperamus
861 3632 894 3692 in
914 3647 952 3692 ea
963 3646 1061 3705 quam
1075 3630 1317 3690 Mnuv1odedit.

138 3750 172 3808 Is
187 3742 208 3818 Ἰ)
227 3746 298 3807 οἴων
310 3750 384 3822 post
396 3756 453 3806 νῶν
466 3747 588 3806 inserto
603 3746 793 3806 Germanice
806 3745 853 3805 sic
866 3745 980 3805 vertit:
1006 3744 1081 3818 „das
1095 3744 1141 3804 sie
1155 3744 1319 3818 dasjenige

139 3877 209 3922 was
241 3862 288 3922 sie
318 3863 401 3939 sind,
425 3864 458 3922 in
482 3864 589 3935 Bezug
613 3862 672 3922 auf
692 3863 794 3921 etwas
820 3861 924 3934 sind”,
951 3861 1044 3933 quasi
1069 3875 1125 3920 eae
1150 3874 1212 3935 res,
1236 3859 1321 3919 inter

140 3991 223 4051 quas
246 3977 319 4036 sitis
341 3978 509 4037 referenda
532 3976 585 4051 sit,
610 3975 747 4035 alicuius
770 3990 842 4034 esse
862 3974 987 4048 possint
1005 3973 1036 4032 id
1056 3974 1140 4046 quod
1161 3988 1223 4033 non
1244 3973 1319 4048 sint,

142 4090 195 4151 vel
227 4091 256 4149 si
287 4106 342 4165 per
372 4098 458 4149 τοῦτο
486 4088 556 4166 ὅπερ
584 4085 661 4147 ἐστὶν
686 4088 849 4160 intelligas
873 4087 1020 4146 notiones
1043 4086 1210 4159 generales
1235 4081 1320 4154 (αὐτὰ

143 4200 236 4278 ὄντα),
259 4205 407 4265 notiones
431 4204 587 4277 speciales
608 4195 679 4271 (υοῖ
700 4198 770 4259 llam
790 4197 871 4269 ὄνου)
893 4215 955 4259 non
976 4199 1042 4258 sint
1062 4198 1209 4258 alicuius.
1222 4197 1320 4256 Vides

181 4423 197 4474 'l
221 4425 370 4472 Postulabat
393 4423 571 4471 tantummodo
597 4425 684 4479 <υὰ>
712 4425 799 4476 θάσσω,
824 4422 868 4468 sed
892 4422 1001 4480 quisque
1025 4419 1101 4465 facile
1125 4417 1248 4464 concedet
1266 4420 1319 4462 tum

143 4506 221 4553 etiam
243 4506 330 4560 (τὰ)
350 4508 467 4568 (rupium
486 4502 624 4560 legendum
642 4514 706 4547 esse.

177 4580 198 4648 2)
216 4585 305 4643 Neque
323 4585 398 4630 aliter
415 4583 509 4632 barrus
526 4583 603 4632 vertit
622 4595 704 4640 „quae
722 4580 832 4630 alicuius
850 4579 876 4629 id
894 4579 945 4630 siut
963 4577 1032 4642 quod
1050 4577 1125 4624 sint.”
1188 4597 1191 4604 ·
