3260 5098
285 530 417 610 ἐμποιεῖν
450 530 538 606 prob.
561 529 624 589 Ast
645 528 726 588 Birlr.
749 527 861 589 Stallb.
890 528 949 598 (ed.
974 526 1091 603 Gothi,
1115 527 1213 602 recte,
1236 541 1314 587 nom
1345 525 1462 586 stetim

286 645 432 719 sequitur
454 641 486 704 τὸ
510 641 705 719 δικαιοσύνην
724 638 864 718 ἐμποιεῖν.
884 640 925 700 Et
944 642 1008 700 422
1029 641 1059 700 Α
1079 639 1135 701 alii
1154 641 1243 702 codd.
1256 637 1465 717 ἐμποιοῦντος,

233 748 261 814 11
285 759 341 820 alii
371 765 530 828 ποιοῦντος
560 755 725 832 praebent.
757 755 796 814 In
828 756 891 815 333
916 754 941 814 Ε
970 751 1128 831 ἐμποιῆσαι
1151 752 1241 814 νόσον
1264 753 1412 827 legimus.
1441 742 1459 836 ΙΙ

286 872 450 934 Herwerd.
483 871 556 942 (Mn.
591 869 687 939 1891)
715 869 802 929 recte
825 867 1012 942 postulabat
1035 865 1101 927 τόδε
1124 866 1230 928 λοιπόν
1253 869 1310 928 aut
1332 865 1398 926 τόδε
1423 863 1464 943 δὴ

286 984 401 1063 λοιπόν,
422 986 584 1062 posterius
607 984 689 1044 milri
708 984 814 1057 magis
833 982 949 1057 placet.
969 983 1077 1043 Etiam
1099 984 1163 1043 604
1175 983 1205 1042 Α
1223 980 1335 1043 τόδεὶη
1347 981 1465 1042 multis

287 1101 376 1161 codd.
398 1099 500 1160 divise
525 1098 693 1172 scriptum.

139 1211 204 1269 445
232 1206 261 1270 Β
331 1213 437 1273 Verba
456 1209 507 1270 καὶ
527 1206 780 1288 διαφθειρομένης
800 1243 843 1252 --
864 1225 947 1283 quae
959 1211 1223 1285 incompluribus
1236 1185 1325 1272 codd.
1339 1210 1466 1271 omissa

284 1328 362 1387 sunt
391 1327 529 1387 fortusse
561 1340 640 1385 casu
671 1357 712 1367 -
744 1324 859 1385 abesse
889 1324 1014 1401 malim,
1047 1340 1120 1385 cum
1153 1325 1185 1384 in
1217 1326 1282 1385 444
1313 1321 1468 1384 Βάδιιιοι

284 1442 370 1501 dicta
403 1440 447 1499 sit
480 1437 603 1518 ταραχή,
631 1434 730 1515 πλάνη
760 1434 811 1495 καὶ
840 1431 946 1496 τοιαῦτ’
981 1434 1059 1496 ἅττα.
1091 1439 1170 1498 Post
1200 1437 1293 1509 οὕτως
1320 1435 1376 1516 ἔχει
1398 1453 1469 1498 non

283 1555 578 1636 interpungendum
602 1554 663 1629 eet,
687 1553 771 1627 quod
794 1551 923 1611 κατιδεῖν
943 1552 983 1612 ab
1002 1550 1039 1612 od
1058 1550 1112 1632 χρὴ
1132 1549 1316 1630 ἀποκάμνειν
1334 1554 1467 1628 pendet.

286 1667 440 1742 Stephani
475 1670 508 1727 oa
531 1664 605 1726 ὅθεν
628 1683 685 1741 pro
711 1664 783 1725 ὅσον
807 1667 837 1736 (i.
851 1681 879 1727 e.
902 1659 972 1724 καθ’
999 1663 1080 1743 ὅσον,
1097 1667 1137 1728 of.
1159 1667 1223 1728 458
1237 1666 1270 1739 O)
1291 1668 1469 1744 speciosior

286 1784 337 1843 est
366 1796 466 1855 quam
496 1781 609 1841 verior.
643 1814 683 1823 —
717 1780 832 1840 Aetius
859 1781 946 1840 reete
969 1779 1067 1859 Δεῦρο
1090 1803 1147 1841 νον
1170 1783 1361 1855 requirebat.
1386 1783 1470 1843 Post

286 1895 497 1971 imperativos
540 1902 598 1954 νῦν
641 1892 788 1954 enolitice
831 1893 1046 1957 scribendum.
1090 1929 1131 1940 -
1165 1895 1258 1956 Unus
1292 1897 1470 1958 schneider

286 2000 367 2069 Bkid
394 2010 453 2071 oam
485 2003 673 2084 ἀποκμητέον
704 2023 760 2082 pro
791 2003 976 2085 ἀποκνητέον
1006 2023 1070 2069 non
1100 2010 1221 2083 recepit
1241 2010 1313 2071 toll.
1339 2011 1402 2070 349
1425 2011 1469 2087 A,

237 2127 265 2190 Ε
289 2123 386 2199 male,
411 2124 523 2190 contra
546 2121 754 2182 sententiam.
780 2111 799 2203 ΙΙ
824 2121 924 2182 Recte
943 2121 977 2182 ni
997 2121 1091 2182 fallor
1110 2122 1334 2194 Stailb.(1858)
1353 2124 1425 2184 vam
1441 2125 1470 2184 L

291 2239 399 2311 <τι>
444 2243 503 2295 τῶν
542 2231 632 2307 ἀξίων
668 2232 758 2313 λόγον
793 2235 932 2297 missam
967 2235 1054 2311 feeit,
1089 2251 1171 2309 quae
1205 2237 1299 2298 siout·
1335 2237 1469 2298 Stobaei

292 2353 440 2425 <τινο>
466 2348 687 2424 interpolatori
710 2348 860 2424 debetur;
885 2349 924 2410 of.
950 2349 1045 2423 Gorg.
1070 2351 1133 2409 514
1156 2351 1195 2411 Α.
