3260 5098
756 281 816 341 155

142 454 260 545 Epdp
290 479 347 538 pro
378 473 442 548 φορ)
474 465 622 526 conexit.
648 458 667 548 ΙΙ
691 467 751 527 Pro
782 466 857 526 ἰδεῖν
889 466 1061 527 domarius
1083 467 1238 541 probante
1261 481 1324 527 uno
1348 461 1368 537 ¹)

194 577 288 638 Astio
312 579 350 638 ci.
375 577 503 655 πείθειν,
527 579 623 653 male,
648 595 723 640 cum
750 577 782 639 νὸ
805 579 977 658 παράδοξον
1001 579 1099 639 δονεῖν
1123 578 1282 641 efficiatur
1305 595 1369 640 non

194 700 233 774 τῷ
263 695 394 769 χαλεπῶς
424 691 542 752 πείθειν
573 691 616 752 ὅτι
638 696 698 770 κτλ,
725 695 782 755 sed
806 703 844 776 τῷ
868 697 999 771 χαλεπῶς
1023 692 1097 752 ἰδεῖν
1122 691 1165 752 ὅτι
1187 697 1245 753 κτλ.
1267 686 1301 772 ²).
1328 727 1368 736 -

194 805 269 866 Mox
298 820 355 879 pro
385 801 458 882 ἄλλη
483 806 540 877 (sic
563 822 589 867 c.
615 806 686 867 Par.
710 808 739 866 A
762 807 889 869 Bekker
912 808 974 866 Ast
997 807 1091 868 Schn.
1116 807 1239 878 Staiib.)
1264 823 1368 869 recen·

194 919 315 978 tissimi
339 919 428 980 editt.
454 934 480 980 c.
505 919 692 980 Hermanno
714 920 783 978 vam
809 920 834 980 L
858 915 931 1002 ἄλλῃ
954 936 1112 997 recepere,
1137 922 1268 998 optime,
1294 937 1369 982 cum

194 1033 234 1093 ad
265 1030 337 1109 ἄλλος
368 1033 457 1093 nullo
487 1035 581 1107 pacto
610 1032 740 1093 πολιτεία
770 1050 830 1094 nec
856 1034 963 1108 magis
986 1032 1070 1105 πόλις
1094 1037 1203 1094 mente
1228 1035 1369 1110 suppleri

193 1147 305 1222 possit.
338 1147 437 1207 Paulo
467 1150 540 1222 post
563 1149 677 1209 Aetius
701 1146 811 1226 (1814)
835 1145 1017 1227 ἐμβέβληκας
1041 1146 1091 1226 (V.
1104 1149 1149 1219 L.)
1174 1148 1366 1225 requirebat,

193 1261 393 1336 rectissime;
416 1262 458 1323 df.
483 1263 547 1322 344
572 1263 609 1338 D,
633 1263 761 1335 Protag.
787 1263 850 1323 342
875 1262 900 1322 ii
923 1259 1042 1340 ἐνέβαλε
1066 1261 1145 1341 ῥῆμα
1165 1259 1249 1334 ἄξιον
1269 1260 1367 1341 λόγου.

194 1375 275 1451 Quid
298 1372 448 1453 ἐμβάλλειν
471 1376 516 1436 sit
539 1376 661 1437 discere
684 1376 791 1451 possis
814 1392 855 1437 ex
880 1378 942 1437 377
968 1375 1000 1437 0.
1033 1378 1082 1437 Ad
1105 1377 1172 1436 vim
1196 1376 1367 1437 locutionis

96 1573 99 1580 .
194 1487 347 1568 ἐμβάλλειν
370 1487 450 1568 βῆμα
470 1491 726 1563 cognoscendam
746 1491 854 1552 confer
873 1491 920 1551 sis
940 1505 1053 1552 vocem
1074 1487 1182 1568 ἐμβολή
1204 1485 1249 1566 (in
1262 1503 1369 1563 pugna

194 1600 326 1680 navali).
354 1637 392 1648 —
417 1603 502 1664 iilud
533 1595 598 1662 ολον
629 1605 704 1664 ante
735 1602 881 1683 βίψννιος
913 1602 1073 1678 significat
1103 1617 1166 1664 non
1193 1604 1368 1679 „tanquam

194 1735 220 1780 s.
253 1718 375 1794 velut”,
407 1720 463 1779 sed
497 1719 667 1794 „utpote”;
700 1733 785 1778 unus
816 1717 927 1778 Herm.
959 1721 1046 1778 recte
1076 1719 1150 1791 post
1179 1715 1279 1793 λμολιιο
1305 1731 1369 1776 non

193 1833 403 1908 interpunxit.

48 1947 112 2006 474
147 1941 171 2010 d
239 1946 332 2006 Unus
363 1946 474 2007 Stalib.
507 1947 566 2016 (ed.
596 1946 700 2017 Goth.)
733 1963 750 2007 e
781 1947 897 2007 deterr.
929 1945 1018 2006 codd.
1050 1945 1171 2019 recepit
1195 1943 1227 2004 ἐν
1255 1945 1366 2030 (cp)

145 2057 288 2137 Επόλει,
319 2039 390 2120 sins
420 2075 537 2142 causas
564 2061 672 2121 confer
704 2060 767 2122 484
792 2061 818 2119 Β
848 2057 960 2130 πόλεως
983 2053 1131 2138 ἡγεμόνος
1155 2051 1239 2118 εἶναι.
1264 2051 1283 2143 ΙΙ
1308 2061 1369 2121 Pro

196 2171 390 2252 μελιχλώρους
422 2174 479 2244 (sic
510 2188 624 2235 omnes
652 2174 742 2236 editt.
766 2175 840 2234 inde
864 2189 884 2234 a
906 2173 992 2233 Bkk⁰
1013 2173 1081 2232 iam
1103 2173 1278 2246 praeeunte
1304 2174 1369 2234 Ste-

196 2289 311 2362 phano)
346 2287 526 2360 antiquitus
558 2289 591 2347 et
621 2287 685 2347 alia
715 2287 811 2349 lectio
843 2288 876 2347 in
907 2287 1069 2347 codicibus
1098 2286 1200 2347 fuisse
1232 2287 1369 2362 videtur,

195 2417 312 2475 nempe
343 2399 506 2480 μελίχρονς,
528 2402 612 2473 quod
636 2415 754 2462 nomen
776 2401 810 2460 in
833 2400 1095 2474 inscriptionibus
1119 2402 1283 2473 repertum
1308 2404 1368 2476 est,

197 2514 270 2574 vide
288 2515 327 2574 A.
345 2515 452 2575 hisnu
475 2515 544 2590 „die
557 2514 784 2576 Griechischen
804 2514 1096 2574 Personennamen.
1114 2513 1367 2597 IIAuil.1894”

196 2642 226 2701 p.
252 2628 314 2687 201
337 2627 493 2707 Μελίχρως
515 2625 693 2706 Μελιχρόον.
713 2629 906 2689 Nostrorum
927 2628 1073 2688 codicum
1093 2627 1265 2687 lectionem
1288 2628 1369 2687 satis

196 2742 307 2801 tuetur
343 2741 432 2802 locus
471 2742 632 2803 Theocriti
670 2741 701 2801 X
740 2744 792 2803 26.
832 2741 1048 2801 Accusativus
1087 2742 1199 2801 autem
1236 2740 1369 2813 pluralis

197 2853 392 2935 μελιχλώρους
423 2855 503 2916 mihi
534 2856 682 2931 displicet
708 2861 742 2917 at
764 2856 904 2916 librariis
928 2855 1249 2916 accommodantibus
1269 2855 1369 2915 nomi·

197 2969 347 3030 nativum
360 2960 383 3038 ³)
404 2969 485 3042 sing.
506 2967 679 3047 μελίχλοορος
702 2970 758 3040 (sic
777 2969 949 3042 legendum
971 2972 1096 3039 censeo)
1110 2968 1151 3029 ad
1163 2983 1370 3044 praegressos

198 3083 402 3144 accusativos
422 3083 565 3145 debetur.
586 3083 743 3144 Richards
761 3082 872 3155 (disse.
894 3083 972 3144 Rev.
997 3082 1092 3154 1883)
1113 3099 1188 3144 cum
1209 3083 1370 3157 Stephano

198 3197 411 3272 (improbante
443 3197 546 3268 Astio)
579 3197 677 3271 genit.
695 3189 718 3267 4)
742 3197 917 3271 singularis
942 3196 1141 3275 (μελιχλώρον)
1165 3197 1308 3270 requirit.
1332 3197 1371 3256 In

153 3326 156 3330 ’
198 3311 218 3387 ξ
242 3311 301 3372 ult.
325 3312 498 3385 legendum
522 3327 637 3373 censeo
664 3313 714 3382 [τε]
740 3308 789 3370 καλ
812 3309 908 3382 πάσας
933 3308 1036 3386 φωνὰς
1060 3317 1117 3369 κτλ,

50 3429 113 3488 475
141 3423 173 3490 Α
242 3425 340 3487 Recta
372 3441 457 3486 nunc
487 3426 585 3499 vulgo
615 3424 644 3484 τί
672 3422 705 3484 δέ
736 3441 792 3500 pro
823 3425 852 3484 ιί
874 3424 925 3484 dui
948 3426 1062 3487 editur.
1086 3426 1123 3486 In
1147 3426 1165 3494 ἓ
1188 3426 1214 3485 Β
1238 3425 1370 3500 optimis

196 3540 284 3600 codd.
306 3543 448 3617 τιμᾶσθαι
467 3555 523 3614 pro
543 3547 682 3616 τιμῶνται
702 3539 930 3600 exhibentibus
949 3541 1019 3600 iure
1035 3541 1211 3614 paruerunt
1223 3540 1369 3599 recentes

149 3654 287 3728 ceditt.
319 3668 443 3715 necnon
476 3653 710 3725 mahanaim).
736 3645 756 3737 ΙΙ
786 3653 1015 3727 corrigendum
1046 3652 1075 3713 τί
1103 3674 1132 3712 ιε
1162 3649 1287 3731 χρηστὸν
1321 3648 1371 3709 noi

201 3767 298 3842 <τί>
334 3764 374 3844 μὴ
405 3769 463 3829 aut
485 3766 514 3826 τί
534 3764 659 3847 χρηστόν
682 3788 711 3826 τε
734 3765 785 3827 καλ
804 3766 853 3845 μή.
878 3768 952 3829 Mox
971 3768 1042 3828 dele
1065 3766 1201 3843 φήσομεν
1225 3767 1297 3840 post
1321 3761 1371 3823 παλ

144 3889 175 3953 Ι)
199 3878 300 3960 ὀρθῶς
327 3902 368 3961 γε,
400 3872 420 3964 ΙΙ
453 3879 682 3955 corrigendum
715 3897 839 3948 censeo.
859 3881 958 3951 <oi>
985 3888 1121 3940 τοιοῦτοι.
1146 3879 1220 3941 Mox
1245 3879 1371 3939 videtur

196 3996 369 4070 legendum
393 4011 466 4056 esse
489 3993 563 4054 ποιὰ
586 3994 683 4072 πόλιν,
706 4010 781 4056 cum
805 4011 869 4057 non
893 3995 1071 4057 verisimile
1090 3994 1135 4055 sit
1154 3993 1371 4054 Athenienses

230 4263 248 4332 Ι)
265 4266 355 4315 stallo.
375 4265 439 4314 1858
458 4267 514 4314 idcir
531 4266 619 4314 edidit.

229 4343 249 4408 ²)
267 4345 390 4394 Ooniudit
408 4346 545 4394 Oornarius
563 4347 683 4394 effectum
700 4358 759 4393 oum
777 4357 862 4392 causa.

228 4422 250 4490 ³)
275 4426 403 4474 Nominat
427 4427 463 4472 nil
486 4424 582 4474 insoliti
604 4426 691 4484 habet,
713 4426 745 4472 ci.
770 4425 863 4484 Oratyl.
889 4424 937 4472 385
952 4424 982 4481 A,
1007 4423 1090 4471 410A
1115 4424 1141 4469 et
1161 4423 1371 4483 exemplaque

196 4506 324 4555 Heindorf
338 4507 371 4552 ad
389 4505 494 4554 Thesei.
514 4506 592 4554 ibob
610 4505 721 4565 collegit.

228 4583 248 4649 ⁴)
265 4585 305 4634 Ad
322 4585 402 4646 garrit.
420 4585 486 4646 sing.
502 4598 578 4634 usum
597 4585 630 4634 ci.
647 4584 756 4634 Phaedr.
774 4585 822 4633 008
837 4583 868 4642 A,
885 4581 1108 4644 sophisticum,
1125 4580 1183 4627 alia.
