3278 5098
861 325 901 383 22

294 530 388 587 νηρον
409 512 441 569 et
460 509 493 569 tn
513 509 590 583 Rep.
613 509 718 568 378A
738 499 786 566 κοιὶ
810 510 990 584 ΤΑΠΑθη).
1013 510 1096 568 -In
1116 509 1204 578 §ult
1220 510 1380 587 Bromius,
1395 511 1468 586 Ast,

297 622 461 682 Hervverd.
486 621 558 692 (Mn
583 622 678 691 1891)
703 621 926 694 corrigendum
949 637 1022 682 esse
1045 619 1096 680 τὸν
1120 621 1267 682 insonent
1287 645 1326 698 τε,
1346 613 1406 700 ἧδ’
1428 622 1470 700 ὅς,

293 734 344 796 κοί
370 732 443 807 [τὸν]
469 733 540 796 ilvae
564 736 685 810 optime
716 735 956 811 intellexerunt,
986 751 1061 795 cum
1085 737 1123 796 de
1146 751 1210 796 uno
1234 737 1330 809 atque
1352 738 1469 798 eodem

294 851 425 911 homine
448 865 556 937 sermo
580 849 633 909 sit.

152 967 215 1026 335
242 962 272 1028 A
342 964 486 1039 Faenius,
510 963 572 1022 Ast
595 964 702 1038 (dubl,
726 962 863 1038 Madvig,
887 963 970 1023 Bait.
995 963 1144 1024 voculam
1168 959 1188 1042 ἢ
1212 966 1285 1038 post
1303 973 1342 1046 τῷ
1363 963 1469 1049 δικαίῳ

266 1079 452 1154 delernnt,
485 1078 588 1138 male:
621 1078 650 1136 si
680 1073 700 1154 ἢ
731 1077 823 1137 abest
854 1073 893 1148 ὡς
925 1077 1001 1137 ferri
1024 1093 1087 1137 non
1111 1079 1227 1154 potest,
1252 1079 1309 1138 sed
1332 1074 1371 1149 ὡς
1395 1077 1471 1138 int

295 1195 364 1252 sive
397 1193 429 1250 in
462 1184 484 1274 ,t
509 1192 712 1266 mutandum,
744 1191 820 1263 quia
850 1187 890 1261 ὡς
920 1205 1050 1266 semper
1079 1192 1294 1265 comparando
1321 1193 1469 1254 inservit.

294 1306 381 1366 Num
407 1305 513 1364 Faesii
538 1305 700 1364 sententia
723 1304 843 1365 Graece
866 1305 914 1364 sic
937 1304 1042 1364 efferri
1069 1305 1193 1378 potest:
1224 1295 1406 1384 ιοροσιίθηρι
1430 1316 1470 1388 τῷ

283 1402 399 1503 ιάιιιοίρ
435 1415 474 1488 ὡς
510 1415 541 1475 τὸ
572 1425 689 1497 πρῶτον
721 1414 819 1496 ἔλεγον
842 1412 888 1487 ¹l?
918 1419 1025 1477 Immo
1055 1420 1127 1477 tum
1162 1417 1366 1478 scribendum
1399 1421 1471 1480 erat

296 1532 477 1613 προστίθημι
512 1541 550 1614 τῷ
585 1531 610 1589 ὃ.
641 1525 657 1590 ὃ
688 1553 711 1589 v.
738 1551 768 1589 π.
792 1529 814 1591 ἒ.
840 1532 897 1591 aut
926 1531 1062 1609 προστίθ.
1085 1552 1108 1589 τ.
1133 1530 1159 1589 ὃ.
1182 1526 1202 1609 ἢ
1226 1528 1265 1602 ὡς
1287 1534 1345 1590 κτλ.
1369 1531 1471 1593 Recte

296 1649 395 1722 igitur
426 1646 537 1707 Stallb.
569 1645 716 1706 Schneid.
741 1644 852 1705 Herm.
878 1644 999 1705 Wohlr.
1025 1644 1156 1719 (lampb.
1179 1640 1199 1723 il
1223 1641 1262 1716 ὡς
1286 1649 1470 1708 servarunt.
1534 1641 1538 1650 '

298 1761 494 1835 supersedeo
529 1759 744 1820 Richardsum
779 1753 947 1831 (πλέον)
974 1754 994 1836 ll
1021 1755 1060 1828 ὡς
1091 1759 1285 1819 scribentem
1316 1760 1470 1821 refutare.

297 1875 448 1934 Fortasse
471 1873 522 1932 hic
549 1872 840 1949 <τι>προσθεῖναι
864 1872 897 1931 et
919 1873 983 1932 339
1008 1873 1034 1931 Β
1057 1873 1164 1946 <ει>
1180 1872 1345 1950 προστίθης
1364 1873 1470 1947 legen·

243 1987 385 2053 Ildum.
411 1978 430 2069 ΙΙ
459 1986 661 2061 Quamquam
697 1986 893 2060 Porphyrius
928 1986 1008 2063 (,De
1043 1986 1282 2056 Abstinentia’'l
1312 1987 1410 2047 verba
1433 1984 1470 2047 οὐ

296 2099 351 2181 γὰρ
375 2098 556 2177 θερμότητος
579 2103 636 2157 nel.
661 2100 796 2160 laudans
822 2115 889 2160 voc.
915 2096 1000 2179 ἔργον
1024 2100 1145 2175 omisit,
1166 2100 1275 2160 dubito
1295 2115 1337 2159 an
1356 2116 1472 2161 revera

296 2215 443 2290 spurium
467 2213 520 2287 sit,
545 2228 645 2285 quum
670 2213 799 2287 saepius
823 2229 873 2287 ap.
898 2213 1068 2273 Platonem
1092 2199 1238 2274 occurrat
1262 2215 1311 2284 (cf.
1337 2215 1470 2284 3511)).

298 2330 483 2390 Tenendum
516 2329 683 2402 praeterea
713 2329 765 2388 est
795 2329 1007 2403 Porphyrium
1035 2345 1074 2388 ea
1098 2330 1196 2389 verba
1218 2331 1408 2390 memoriter
1431 2330 1472 2391 ci·

297 2446 397 2504 tasse.
421 2444 459 2502 In
483 2441 591 2502 codiee
614 2440 838 2501 Malatestiano
859 2442 999 2502 alterum
1020 2439 1115 2520 ἔργον,
1136 2443 1220 2516 quod
1239 2447 1312 2518 post
1331 2441 1473 2520 βλάπτειν

296 2558 424 2633 legitur,
460 2557 562 2631 abest,
598 2555 631 2614 in
666 2555 780 2615 multis
815 2556 903 2616 codd.
940 2557 1016 2616 ante
1050 2555 1189 2634 βλάπτειν
1220 2556 1378 2631 scriptum
1410 2561 1472 2634 est,

295 2674 406 2744 itaque
437 2670 576 2730 adducor
607 2671 643 2728 nt
673 2669 812 2729 alterum
846 2670 905 2729 hoc
929 2667 1015 2748 ἔργον
1039 2670 1176 2730 deleam.
1202 2671 1246 2713 -’
1266 2670 1367 2731 Paulo
1398 2672 1473 2744 post

297 2783 341 2861 (in
373 2783 447 2853 fine)
472 2783 570 2843 verba
593 2790 646 2841 τοῦ
669 2779 775 2840 άάίιιοο
801 2783 935 2842 delenda
958 2784 1052 2844 sunt:
1085 2799 1189 2856 neque
1216 2784 1247 2843 in
1272 2784 1474 2858 praegressis

298 2897 330 2955 ιὸ
354 2893 489 2954 ἐνονιίον
508 2895 702 2954 nominatim
722 2894 900 2954 indicatum
922 2898 973 2955 est
992 2911 1096 2968 neque
1115 2897 1167 2956 hic
1186 2897 1352 2972 emphasis
1364 2912 1472 2958 neces·

248 3010 396 3085 Esaria,
429 3025 528 3083 quum
561 3009 640 3068 iusti
670 3008 822 3083 indolem,
846 3023 909 3068 non
931 3009 1045 3068 iniusti
1067 3010 1230 3083 indagent.
1256 3001 1275 3093 ΙΙ
1299 3011 1349 3071 Ad
1374 3012 1475 3072 verba

298 3131 356 3182 τῶν
389 3131 491 3198 σοφῶν
522 3143 551 3180 τε
582 3119 631 3180 καὶ
662 3121 815 3199 μακαρίων
857 3123 1024 3183 recordare
1053 3128 1135 3196 quae
1166 3124 1206 3184 ad
1231 3125 1293 3184 331
1318 3125 1343 3183 ll
1367 3122 1473 3199 (σοφὸς

298 3235 353 3317 γὰρ
385 3232 435 3294 καὶ
466 3239 549 3306 θεῖος
573 3231 660 3314 ἁνήρ)
692 3235 922 3296 annotavimus
946 3237 979 3296 et
1001 3236 1104 3310 ipsius
1128 3237 1269 3297 Socratis
1292 3238 1472 3298 testimonii

298 3353 331 3412 in
364 3351 453 3426 Apol.
487 3352 527 3410 22
551 3351 578 3411 Β
599 3349 630 3410 d.
663 3350 823 3424 Ambigue
854 3351 946 3411 Plato
976 3350 1050 3410 illos
1085 3351 1249 3425 sapientes
1283 3351 1403 3412 laudat.
1431 3385 1471 3394 -

299 3467 359 3527 Pro
383 3458 462 3544 ἔγωγ’
489 3453 545 3523 οὖν
568 3466 631 3524 Ast
653 3466 685 3524 et
708 3463 808 3524 Beklr.
833 3472 920 3525 recte
944 3460 1000 3543 ἐγὼ
1023 3471 1098 3543 γοῦν
1122 3465 1329 3539 scripserunt.

153 3591 216 3648 336
245 3584 275 3651 Α
342 3579 447 3640 Verba
481 3576 513 3636 τὸ
548 3576 643 3654 φάναι
674 3576 994 3656 ὃίιιοιον,..βίάιοιειν
1029 3593 1092 3638 non
1124 3579 1201 3638 sunt
1230 3578 1384 3654 Platonis
1416 3582 1473 3641 sed

298 3693 502 3755 scholiastae.
529 3690 608 3751 (lum
633 3691 719 3751 enim
744 3689 777 3750 τὸ
799 3689 879 3770 ῥῆμα
903 3690 1062 3765 significet
1085 3691 1184 3766 ,illud
1204 3691 1359 3768 dictum”,
1380 3695 1473 3766 sequi

298 3824 361 3869 non
391 3808 500 3882 potest
528 3803 561 3864 τὸ
593 3804 698 3881 φάναι,
730 3807 816 3866 sicut
847 3807 874 3865 si
906 3821 981 3866 cum
1013 3805 1205 3866 Schneidero
1235 3805 1267 3887 οὸ
1299 3806 1394 3881 φάναι
1416 3822 1473 3881 pro

298 3923 442 3983 subiecto
478 3920 698 3996 hahuerimus,
734 3921 917 3982 necessario
951 3921 1050 3981 verba
1081 3918 1113 3979 ιὸ
1144 3919 1223 4000 ῥῆμα
1254 3921 1472 3982 abundabunt.

296 4038 499 4099 Sententiam
524 4039 583 4106 τοῖς
606 4030 660 4112 μὲν
684 4033 801 4113 ἐχθροῖς
825 4035 941 4114 βλάβην
966 4031 1138 4112 ὀφείλεσθαι
1161 4039 1210 4094 κτλ
1233 4037 1357 4106 (335Ε)
1377 4036 1473 4096 modo

297 4167 354 4227 per
388 4147 460 4210 οάιὸ
496 4150 731 4224 designaverat,
767 4165 852 4210 nunc
887 4147 918 4208 εὸ
953 4150 984 4220 (i.
1009 4165 1036 4210 e.
1068 4157 1155 4209 τοῦτο
1182 4148 1225 4220 τὸ)
1256 4147 1335 4228 ῥῆμα
1368 4149 1472 4210 vocat.

217 4256 220 4262 ’
297 4268 401 4327 Locus
432 4281 450 4324 e
481 4265 576 4338 Legg.
609 4264 672 4324 838
698 4264 734 4336 B,
765 4279 863 4337 quem
895 4263 1041 4324 Schneid.
1074 4264 1106 4322 ln
1142 4263 1401 4339 ,Additamentls
1433 4265 1473 4324 ad

296 4379 468 4441 Civitatem
495 4378 639 4438 Platonis
662 4378 768 4437 1854”
789 4378 913 4454 citavit,
938 4388 985 4438 cae
1000 4393 1093 4437 meae
1114 4377 1249 4437 minime
1269 4376 1471 4453 adversatur,

330 4619 350 4687 ¹)
369 4624 405 4670 Ea
424 4624 502 4670 verba
519 4624 674 4683 significant:
693 4626 841 4686 προστίθημι
859 4623 929 4676 οὕτως
947 4624 976 4674 ὡς
992 4625 1038 4667 xri.
