3278 5098
860 283 902 343 48

314 472 451 533 Baitero.
483 472 549 546 ugo
582 471 619 551 (c.
646 473 793 535 Schneid.
819 473 978 534 Schmelz.
1004 469 1152 550 campo.)
1182 490 1221 536 ea
1245 475 1369 536 servari
1393 476 1493 536 velim

313 587 442 659 propter
471 586 570 646 verba
600 587 633 645 in
657 585 683 647 D
714 582 834 644 ἀδικίαν
864 581 918 661 μὲν
949 583 1105 665 ψέγοντος,
1133 585 1330 664 δικαιοσύνην
1354 585 1387 647 δὲ
1410 585 1494 648 ἔνιαι-

313 705 449 775 νοῦνιος,
483 714 566 773 quae
599 703 803 774 opponuntur
836 699 925 760 hisce
960 698 1137 776 δικαιοσύνη
1170 696 1300 779 ψέγεται,
1330 697 1432 760 ιἰδικίν
1463 697 1490 760 δ’

258 805 480 873 Βὲιινινεῖιιιι.
512 813 596 875 Οοοιι
628 830 667 874 ea
691 814 789 874 verba
812 814 845 873 in
869 814 941 874 Par.
966 815 995 874 A
1020 814 1219 876 exciderunt.
1245 807 1265 898 ΙΙ
1290 816 1369 878 Oum
1399 817 1494 878 Astio

313 928 416 987 ιικοι
446 928 635 1012 appareas.
666 927 716 987 Ao
748 927 826 987 irruo
857 903 1029 1004 ιηιηοκινι
1062 927 1101 987 ιι.
1135 927 1271 990 enasor.
1302 930 1364 991 aar
1388 929 1415 989 o
1441 927 1493 1008 (oe

312 1039 498 1118 Protagora)
534 1036 771 1120 δργίσαι..,.κοιῖ
805 1039 894 1099 πάλιν
934 1035 1125 1119 ὡρκισμένοις
1156 1037 1277 1123 ἒιιᾴδοιν
1309 1045 1417 1119 κηλεῖν.
1450 1077 1494 1085 -

258 1151 289 1217 Ι)
312 1154 391 1217 Ven.
418 1157 451 1212 Π
471 1157 504 1214 et
527 1151 556 1218 Ξ
574 1154 727 1215 exhibent
759 1151 810 1212 ἒάν
834 1171 881 1214 σοι
904 1161 995 1214 ταῦτα
1019 1153 1104 1238 δοκῇ.
1130 1145 1150 1236 ΙΙ
1173 1154 1267 1216 Unus
1291 1156 1359 1218 cod.
1385 1156 1493 1234 βουλο-

312 1265 390 1351 μένῳ
407 1263 562 1344 <εἴη>δ
586 1265 793 1347 11γω,1οο1ο;
818 1269 880 1328 Ast
902 1271 1015 1330 autem
1039 1270 1072 1328 et
1098 1268 1238 1330 Cobetus
1263 1266 1352 1347 (nota
1372 1285 1436 1331 ma.
1459 1272 1492 1331 in

313 1382 384 1442 eius
402 1381 484 1443 Plat.
501 1381 679 1456 exemplari
691 1382 791 1455 bugd.
804 1382 839 1442 B.
861 1384 1039 1453 asservato)
1057 1378 1210 1456 (ἐστὶν)
1226 1383 1437 1456 requirebant
1458 1377 1491 1461 ¹).

311 1495 431 1567 Utique
472 1497 582 1556 mente
624 1492 700 1554 ἐστὶν
742 1496 967 1572 supplendum,
1006 1511 1070 1555 non
1112 1493 1185 1574 λέγω
1220 1498 1257 1556 ut
1293 1495 1492 1571 Gampbellio

261 1616 289 1681 Ε
312 1609 420 1669 visum
452 1611 512 1671 est.
538 1600 557 1692 ΙΙ
582 1609 797 1670 Herwerdeno
829 1606 904 1686 (Mn.
933 1607 1029 1685 1883)
1055 1611 1152 1670 verba
1175 1607 1204 1667 τί
1228 1606 1390 1669 derenci
1415 1609 1489 1670 ὅθεν

309 1720 411 1802 γέγονε
442 1722 618 1800 δικαιοσύνη
651 1723 779 1783 eicienti
801 1738 934 1797 prorsus
956 1724 1126 1784 assentior.
1151 1723 1241 1793 11κὲ
1265 1722 1288 1784 0
1313 1715 1391 1800 (οῖον
1415 1716 1494 1782 εἶναί

308 1853 383 1912 φασι
409 1833 458 1894 καὶ
483 1833 556 1894 ὅθεν
579 1832 743 1914 γεγονέναι)
767 1837 904 1910 repetita
927 1840 1005 1897 sunt
1029 1852 1067 1898 ea
1092 1838 1198 1913 verba,
1222 1837 1256 1898 in
1279 1837 1353 1898 aliis
1377 1839 1492 1899 codici·

306 1951 376 2012 bus.
402 1948 496 2010 aliter
530 1950 666 2023 scripta:
702 1949 773 2010 Par.
809 1950 838 2010 A
868 1949 897 2008 ιί
926 1947 961 2009 ὄν
991 1971 1030 2027 τε,
1061 1951 1139 2012 Ven.
1165 1953 1199 2008 Π
1226 1950 1255 2009 τί
1283 1943 1349 2011 οἷόν
1372 1973 1402 2011 ιε
1430 1949 1491 2028 (sic

307 2064 419 2124 Herm.
441 2061 624 2138 Schmin),
644 2063 726 2123 Flor.
747 2079 769 2123 x
789 2060 879 2122 ἄκουε
900 2055 964 2122 οἷόν
984 2085 1012 2122 ιε
1032 2061 1082 2122 καὶ
1102 2066 1163 2125 etc.
1186 2062 1245 2141 (sic
1261 2064 1373 2126 Stallb.
1393 2065 1491 2143 1858,

307 2178 427 2251 Baiter,
460 2176 635 2253 Gampbell,
668 2178 722 2250 qui
750 2177 818 2251 ipse
842 2176 882 2237 ci.
906 2176 934 2235 ιί
956 2174 1087 2236 ἐστικαὶ
1111 2175 1185 2236 ὅθεν
1208 2174 1332 2256 γέγονε).
1357 2178 1493 2253 Aliquis

311 2293 351 2352 ad
375 2285 391 2351 ὃ
415 2292 629 2352 annotaverat
655 2289 688 2350 ,τί
717 2289 830 2349 οἴονται
861 2287 909 2348 καὶ
935 2289 1008 2350 ὅθεν
1031 2287 1184 2369 γεγονέναι
1207 2290 1402 2368 δικαιοσύνην
1430 2290 1491 2370 (sic

274 2405 388 2465 ·Β11.
421 2405 519 2465 edidit
550 2419 592 2464 ex
622 2405 734 2478 paucis
765 2405 854 2465 codd.
888 2405 1043 2478 probante
1075 2403 1280 2482 Schneidero)
1305 2404 1357 2466 vol
1380 2406 1491 2467 simile
1621 2391 1622 2394 ¹

308 2519 393 2595 quid,
425 2534 507 2593 quae
538 2519 637 2580 verba
668 2517 781 2579 deinde
805 2517 959 2578 mutilata
982 2518 1015 2578 in
1039 2520 1169 2579 textum
1192 2518 1285 2578 illata
1308 2520 1396 2580 sunt.
1421 2519 1489 2594 Bgo

308 2640 345 2691 ut
367 2647 406 2692 ea
429 2633 539 2706 spuria
561 2647 633 2692 esse
658 2634 770 2707 putem
794 2647 831 2692 oo
855 2632 995 2693 adducor
1017 2632 1100 2705 quod
1124 2634 1197 2706 post
1221 2628 1306 2710 ἐρεῖν,
1331 2647 1396 2693 non
1415 2638 1490 2708 post

307 2743 397 2805 δκονε
427 2746 584 2808 collocata
614 2747 808 2820 oportuerat.
837 2747 1053 2808 Herwerdeno
1076 2747 1245 2821 praetcrea
1272 2747 1368 2820 <ᾱ>
1396 2743 1489 2807 ἀκονε

306 2859 327 2919 i.
352 2875 380 2919 e.
407 2860 600 2935 (πρῶτον)
626 2855 717 2919 δ’κονε
747 2860 919 2934 corrigenti
954 2875 1018 2921 non
1055 2860 1218 2921 adversor.
1256 2860 1341 2934 Lege
1373 2859 1489 2920 πλείονι

302 2969 357 3048 ,(11.
383 2969 442 3048 1.),
466 2972 537 3032 vide
561 2972 710 3032 dictand
735 2974 800 3033 330
823 2974 861 3034 A.

161 3087 225 3147 359
251 3083 282 3150 A
348 3085 432 3146 Illud
457 3082 574 3164 (αἱρεῖν)
599 3084 698 3144 δοκεῖν
723 3083 904 3163 (prodocet,
930 3088 1077 3149 codicum
1100 3085 1188 3164 lect.)
1213 3087 1328 3147 Astius
1346 3088 1487 3149 coniecit
1618 3093 1619 3098 ’

305 3198 513 3273 probantibus
536 3199 615 3259 solis
638 3198 751 3261 Stallb.
777 3203 811 3260 et
833 3200 973 3276 Baitero,
997 3201 1136 3275 optime;
1161 3200 1351 3261 etiamsed
1376 3199 1399 3260 O
1423 3200 1485 3264 ult.

305 3312 500 3386 optimorum
534 3312 621 3374 codd.
653 3312 727 3374 lect.
760 3309 883 3389 ἀδικεῖν,
917 3309 1031 3372 ἀδικεῖν
1053 3315 1087 3376 in
1111 3309 1225 3372 ἀδικεῖν
1248 3310 1348 3372 ἀδικεῖ
1367 3315 1487 3376 detorr.
1617 3337 1618 3358 ι

305 3425 394 3487 codd.
426 3428 605 3488 mutarunt.
637 3427 772 3488 Temere
796 3427 969 3488 Schneider
992 3427 1026 3487 in
1052 3425 1313 3503 „Additamentis
1336 3428 1377 3487 ad
1400 3427 1486 3490 Plat.

305 3540 420 3603 Oivit.’'
452 3542 535 3602 dixit
568 3543 636 3617 „ter
667 3543 780 3602 autem
811 3542 961 3616 deinceps
992 3541 1118 3616 positus
1143 3537 1347 3619 (infinitivus)
1372 3543 1487 3604 minus

303 3672 440 3718 suavem
471 3657 619 3718 redderet
649 3658 861 3719 orationem.”
888 3691 929 3702 —
954 3657 1159 3746 Optimorurn
1191 3657 1279 3717 codd.
1309 3655 1486 3720 lectionem

302 3769 401 3830 νδιον
432 3769 532 3830 Bckk.
564 3770 635 3830 Ast.
668 3770 815 3832 Schneid.
848 3772 931 3832 Bait.
964 3770 1096 3846 compr.
1120 3774 1195 3841 (sec.
1220 3770 1333 3842 Herm.
1357 3771 1429 3832 Par.
1454 3773 1487 3832 A

301 3881 401 3942 αὐτῶν
423 3878 569 3960 praebet)
592 3885 679 3944 recte
701 3886 886 3961 probarunt,
911 3886 991 3946 item
1016 3885 1126 3946 Heller
1150 3881 1236 3961 (Gur.
1262 3883 1338 3945 (trit.
1363 3900 1392 3959 p.
1416 3884 1485 3964 22).

207 3998 209 4002 '
300 3999 420 4059 Parum
451 3998 538 4059 recte
566 3996 677 4058 Herm.
702 3999 736 4058 et
759 3997 917 4060 Scbmelz.
942 3998 1041 4059 circo
1065 3999 1242 4060 ediderunt.
1258 4031 1299 4041 -
1313 3997 1484 4061 Herwerd.
1614 3985 1615 3990 ’

301 4108 376 4188 (Mn.
411 4110 508 4189 1891)
540 4112 579 4172 ci.
612 4106 724 4170 ἀδικῶν
755 4113 788 4172 et
820 4108 1026 4189 ἀδικούμενος,
1055 4112 1186 4188 soriaaee
1215 4112 1313 4186 recte,
1345 4126 1425 4172 nam
1450 4116 1485 4173 et

300 4246 342 4295 ιις
365 4228 475 4286 mente
498 4226 614 4287 addere
636 4225 722 4286 licet.
736 4258 778 4269 -
794 4227 832 4285 In
855 4226 873 4296 ἓ
896 4225 922 4285 Β
944 4227 1004 4287 ult.
1028 4228 1150 4299 corrige
1173 4225 1220 4285 sis
1243 4222 1359 4283 τοιόνδε
1375 4225 1480 4299 <ιι>

255 4341 279 4410 G
302 4338 489 4417 ποιήσαιμεν,
518 4339 557 4401 cf.
589 4339 676 4401 dicta
702 4339 743 4399 ad
766 4340 829 4400 331
855 4338 888 4401 O.
915 4337 932 4412 11
956 4340 1056 4402 Recte
1080 4339 1193 4400 stallb.
1218 4335 1331 4416 (1858)
1357 4354 1385 4399 0.
1411 4339 1481 4400 reli·

335 4579 355 4642 ¹)
372 4583 485 4630 Verbum
503 4585 564 4630 ισιὶν
581 4584 664 4631 omitti
682 4597 732 4631 non
750 4585 823 4642 solet,
842 4587 875 4632 ef.
894 4587 962 4634 Orat.
981 4587 1031 4635 asi
1040 4585 1069 4643 B,
1088 4586 1166 4646 Gorg.
1184 4586 1275 4644 4481),
1291 4586 1351 4634 elie.
