3278 5098
756 327 819 371 XIII

203 511 375 556 numerum
406 498 560 574 adhibuit,
592 513 672 570 quos
703 500 883 573 describere
911 499 1131 572 supersedisse
1156 499 1248 559 valde
1271 500 1374 559 dolen·

202 610 279 697 dum
305 613 371 684 est;
397 615 449 670 sat
476 612 581 672 multa
603 614 714 672 tamen
734 613 899 672 declarant
919 627 1030 672 eorum
1049 613 1229 672 maximam
1249 616 1374 687 partem

202 739 266 782 non
289 725 431 798 optimae
455 728 551 786 notae
574 726 685 786 fuisse.
718 727 853 786 Multam
885 740 1015 799 operam
1040 741 1075 784 se
1099 729 1131 784 in
1156 727 1294 786 editione
1316 742 1376 786 sua

201 839 342 912 paranda
384 840 531 912 posuisse
570 840 703 900 candide
737 841 770 898 in
805 840 928 899 monito
963 840 1003 898 ad
1042 839 1196 898 lectorem
1235 840 1376 899 testatur

205 954 261 1025 ,ut
293 954 437 1027 autem’',
469 953 583 1028 inquit,
619 953 779 1026 ,Graecus
810 956 982 1013 contextus
1005 953 1101 1013 sicuti
1127 952 1218 1024 volgo
1244 956 1375 1012 vocatur

202 1080 300 1137 quam
331 1065 400 1126 fieri
427 1067 538 1140 posset
561 1066 848 1126 emendatissimus
872 1066 1029 1140 ederetur,
1058 1081 1121 1125 non
1145 1080 1276 1124 omnem
1300 1065 1372 1138 lapi-

201 1179 285 1252 dem,
307 1180 363 1238 sed
383 1179 492 1238 omnia
510 1179 776 1240 bibliothecarum
801 1177 853 1255 (ad
874 1195 955 1252 quae
976 1180 1084 1240 aditus
1104 1176 1220 1254 patuit)
1241 1193 1375 1238 scamna

201 1291 320 1364 partim
351 1292 420 1364 ipse
450 1292 549 1366 movi,
577 1292 694 1364 partim
720 1294 880 1352 movenda
906 1293 1049 1352 curavi.'’
1075 1292 1137 1352 Ubi
1160 1291 1285 1351 codices
1308 1291 1375 1350 nul·

202 1405 271 1464 lum
306 1405 465 1464 auxilium
500 1405 705 1481 praebebant,
738 1407 777 1464 ad
810 1407 1028 1466 coniecturam
1060 1420 1197 1477 eamque
1221 1405 1287 1465 iere
1310 1419 1374 1464 non

201 1519 357 1577 audacem
393 1517 538 1590 refugere
573 1533 636 1578 non
672 1518 903 1593 reformidavit,
935 1520 987 1578 hic
1017 1519 1083 1578 illic
1114 1519 1281 1592 vulgatam
1312 1533 1376 1578 uon

201 1630 325 1688 monito
348 1629 466 1689 lectore
490 1633 632 1690 mutans,
656 1630 758 1690 Notae
782 1632 853 1689 eius
872 1631 1004 1691 editioni
1025 1631 1168 1691 adiectae
1189 1632 1376 1692 etiamnunc

201 1757 283 1815 quae
306 1744 552 1817 perpendantur,
577 1744 786 1816 dignissimae
810 1747 896 1804 sunt.

111 1838 179 1906 Ast
246 1857 334 1916 Duas
358 1857 479 1916 Asrrus
503 1856 651 1917 Civitatis
672 1858 829 1916 editiones
849 1858 1076 1918 memorabiles
1097 1857 1288 1930 procuravit.
1315 1856 1374 1915 Ha·

202 1985 275 2028 rum
299 1969 384 2042 prior
407 1968 495 2044 (anui
521 1969 628 2046 1814),
653 1972 715 2030 etsi
738 1971 900 2043 permulta
914 1986 1044 2031 -nam
1065 1972 1173 2044 potius
1193 1970 1377 2030 coniectura

203 2097 301 2154 quam
325 2083 470 2143 codicum
491 2099 549 2156 ope
569 2083 821 2157 Stephauianam
846 2084 1020 2143 editionem
1045 2085 1217 2144 emendare
1241 2085 1377 2143 conatus

203 2198 254 2255 est
275 2229 315 2238 -—
336 2211 418 2268 quae
449 2196 544 2268 longa
575 2197 643 2256 dies
668 2197 862 2270 improbavit
887 2198 1039 2272 continet,
1064 2198 1175 2256 tamen
1196 2197 1376 2257 innumeris

202 2309 280 2368 locis
311 2311 434 2369 certam
454 2309 616 2369 medelam
635 2310 771 2370 Politiae
795 2311 906 2370 attulit
928 2312 1040 2382 totque
1064 2311 1203 2384 egregiis
1226 2311 1376 2384 suspicio·

202 2423 297 2481 nibus
327 2423 470 2481 abundat
498 2426 535 2480 ut
569 2438 625 2482 eas
656 2423 804 2495 religiose
835 2423 1023 2483 examinare
1048 2424 1081 2482 et
1104 2424 1331 2484 commendare
1348 2423 1376 2481 si

203 2537 261 2594 hac
292 2535 363 2595 luce
395 2535 475 2594 milri
506 2535 620 2607 dignae
654 2535 847 2611 viderentur,
875 2551 939 2595 non
963 2536 1188 2596 dubitaverim.
1213 2537 1250 2595 Iu
1274 2537 1377 2596 altera

203 2645 291 2724 (anni
327 2647 424 2723 1822)
460 2648 599 2709 editione
634 2649 817 2709 adornanda
852 2649 965 2708 Aetius
997 2650 1096 2722 copiis
1127 2664 1209 2721 quas
1239 2649 1376 2708 Belrkeri

203 2761 402 2821 admirabilis
442 2762 601 2821 industria
644 2765 889 2835 comparaverat
923 2778 1003 2822 usus
1038 2763 1210 2822 nonnullos
1245 2762 1376 2834 quidem

203 2890 327 2934 errores
360 2875 394 2933 in
424 2876 528 2948 priore
559 2875 698 2935 editione
726 2875 921 2935 commissos
952 2875 1020 2949 ipse
1051 2876 1188 2934 sustulit
1211 2890 1376 2948 novasque

202 2988 324 3060 aliquot
358 2988 557 3061 suspiciones
592 2989 724 3064 addidit,
759 2989 816 3048 sed
849 2989 919 3048 eius
947 2990 1056 3050 iudicii
1088 2989 1253 3048 subtthas
1284 2989 1377 3061 quasi

202 3101 325 3174 ingenti
355 3115 513 3160 novarum
544 3101 720 3162 lectionum
746 3101 830 3160 mole
855 3115 1007 3174 oppressa
1029 3102 1198 3176 paululum
1222 3109 1378 3178 ναρκῆσαι,

202 3218 239 3274 ut
262 3215 426 3275 Platonico
446 3215 543 3274 verbo
564 3217 646 3290 utar,
668 3216 748 3274 mibi
771 3215 841 3274 visa
861 3218 920 3276 est.
942 3215 1086 3288 Utraque
1107 3218 1218 3276 tamen
1238 3215 1377 3275 editione

204 3327 352 3388 Civitatis
374 3332 487 3390 textus
510 3331 711 3390 immensum
735 3334 894 3403 quantum
919 3331 1091 3403 provectus
1115 3331 1175 3389 est.

74 3429 179 3495 Bckk.
248 3442 398 3502 Berraum
420 3444 460 3502 de
484 3442 631 3503 Civitate·
646 3444 768 3503 edenda
792 3441 910 3503 merita
933 3443 999 3502 iere
1023 3443 1116 3501 unice
1140 3442 1261 3502 eximio
1285 3457 1376 3515 appa·
1422 3485 1425 3492 .

202 3558 275 3615 ratu
310 3556 420 3616 critico
456 3557 669 3616 continentur.
706 3557 911 3616 Festinanter
945 3555 1032 3615 enim
1068 3555 1213 3614 Platonis
1247 3556 1377 3613 textum

203 3683 245 3726 ex
275 3668 443 3728 duodecim
474 3669 636 3728 codicibus
668 3664 1122 3744 (Aouurormraqv),
1155 3681 1236 3739 quos
1270 3669 1377 3727 contu·

203 3781 294 3856 lerat,
326 3778 495 3841 constituit
525 3798 588 3841 non
615 3797 744 3855 semper
769 3782 909 3856 optimos
933 3783 1031 3841 duces
1056 3778 1096 3856 (A
1120 3784 1154 3840 et
1177 3777 1220 3857 ll)
1245 3781 1377 3854 eligens,

202 3895 474 3968 sedinterpolato
499 3896 620 3956 Monac.
645 3911 665 3969 q
686 3897 816 3956 incaute
840 3912 929 3956 usus.

56 3993 180 4063 stallo.
247 4009 503 4068 sterneremus
538 4009 732 4068 editionibus
763 4010 857 4069 annis
888 4009 972 4068 1829
997 4010 1030 4068 et
1055 4009 1139 4068 1850
1164 4003 1186 4084 ¹)
1210 4009 1243 4067 in
1271 4007 1377 4066 lucem

202 4122 332 4182 emissis
363 4136 426 4181 non
454 4121 540 4181 male
564 4122 603 4182 de
627 4122 742 4182 Politia
767 4123 904 4182 meritus
928 4125 979 4182 est
1002 4123 1117 4196 quippe
1141 4121 1224 4194 quod
1248 4135 1311 4180 non
1336 4153 1377 4162 -

201 4237 237 4294 ut
267 4237 379 4308 postea
410 4235 590 4296 Hermanni
622 4213 770 4310 eremplo
803 4238 962 4306 adductus
992 4237 1025 4296 in
1056 4236 1131 4295 edit.
1156 4235 1203 4293 IIa
1231 4234 1378 4294 Gothana

201 4349 416 4420 comparanda
439 4349 516 4409 iecit
541 4384 582 4392 —
606 4353 730 4410 temere
754 4351 916 4410 codicibus
939 4349 1036 4410 fldem
1060 4348 1182 4424 habuit,
1203 4348 1261 4407 sed
1280 4363 1378 4409 sanas

235 4601 253 4664 ¹)
271 4606 356 4658 Editio
373 4609 520 4666 atereotypa
538 4601 623 4670 (1867,
642 4607 705 4654 1873
723 4602 852 4674 repetita).
