3278 5098
743 332 763 391 9

163 542 196 599 γε
213 515 232 590 1)
256 523 371 589 πλοῖον)
395 522 452 579 aut
475 535 549 580 curn
573 516 623 577 καὶ
648 521 778 580 etcum
803 517 876 578 ἀλλὰ
899 521 1097 594 iungendum
1121 538 1204 598 esse,
1229 523 1338 595 itaque

164 635 359 708 particulam
390 630 450 710 μὴν
480 647 665 693 sermonem
697 633 886 693 alacriorem
913 636 1207 696 tantumreddere.
1233 633 1339 696 Sinai

164 750 198 807 in
233 745 284 806 καὶ
316 744 377 824 μὴν
413 747 480 806 vim
509 747 709 806 intensivam
741 747 837 807 habet
869 749 916 816 (ut
945 748 978 806 in
1009 745 1062 806 καὶ
1091 748 1183 825 πάνυ,
1213 747 1340 826 σφόδρα,

165 861 244 937 μάλα
275 865 357 936 etc),
385 863 457 920 turn
481 859 643 932 significat
666 861 736 920 sive
754 861 889 934 profecto
912 862 956 931 (in
979 861 1186 935 responsione
1210 861 1274 921 427
1300 863 1338 937 A,

166 977 231 1035 328
255 975 291 1044 D)
315 975 385 1035 sive
407 974 474 1034 iam
496 989 565 1033 uero
589 975 631 1043 (in
657 975 937 1047 argumentatione
961 975 1025 1034 413
1050 975 1086 1044 D)
1111 975 1180 1034 sive
1204 976 1339 1049 opedam

166 1089 217 1159 (of.
250 1090 313 1148 445
327 1092 369 1162 o);
398 1087 449 1147 sin
472 1085 521 1145 καὶ
544 1087 714 1161 copulandi
738 1087 805 1146 vim
828 1087 971 1162 retinuit,
995 1090 1067 1147 tum
1092 1085 1141 1146 καὶ
1165 1085 1224 1164 μὴν
1248 1102 1338 1161 argu·

166 1201 421 1262 mentationlbus
451 1201 619 1262 nectendis
653 1197 723 1271 (καὶ)
757 1215 795 1261 ac
829 1201 1071 1261 corroborandis
1106 1200 1175 1278 (μὴν
1194 1206 1340 1285 :sanet

164 1316 311 1376 inservit.
344 1315 500 1374 Similiter
529 1311 602 1372 eos
632 1311 692 1390 μὴν
723 1315 819 1374 modo
841 1315 875 1374 in
898 1317 1154 1386 argumentando
1178 1316 1284 1390 (atqui,
1308 1318 1340 1375 ot

163 1445 247 1504 vero,
278 1429 344 1488 tom
369 1431 459 1503 vero),
484 1428 579 1487 modo
603 1427 636 1486 in
659 1428 805 1501 negando
829 1429 868 1497 (si
892 1429 1057 1488 sententia
1079 1429 1231 1516 negativa
1254 1431 1341 1489 ante·

111 1543 313 1616 Ecesserit,
337 1557 393 1615 per
428 1541 609 1616 „profecto”
643 1541 725 1600 verti
749 1541 877 1614 poterit)
901 1541 1080 1601 adhibetur.
1113 1533 1133 1624 Η
1164 1542 1234 1602 Non
1262 1557 1342 1616 opus

163 1658 219 1716 est
241 1670 316 1715 oum
341 1654 427 1716 Stob.
453 1650 542 1713 ὁποία
563 1653 606 1724 τίς
631 1651 690 1712 ἐοοι
712 1655 828 1727 legere.
850 1655 887 1713 In
908 1655 1180 1727 subsequentibus
1200 1649 1216 1714 ‘d
1236 1652 1274 1731 δὴ
1294 1653 1342 1714 ἐπὶ

161 1767 277 1848 γήραος
297 1766 377 1849 οὐδῷ
397 1783 490 1842 φασιν
510 1759 586 1826 εἶναι
606 1766 638 1826 οἱ
656 1764 775 1844 ποιηταὶ
795 1782 911 1827 moneo
932 1769 1071 1841 (propter
1091 1769 1176 1828 Astii
1188 1769 1341 1828 vitiosam

163 1882 350 1942 versionem
384 1882 486 1956 ,quod
517 1881 695 1942 senectutis
727 1881 828 1942 limen
853 1895 925 1941 esse
949 1882 1061 1942 dicunt
1083 1883 1229 1956 poetae'’l
1253 1897 1341 1955 pron.

162 1991 181 2054 t
218 2011 291 2055 esse
325 1996 486 2068 objectum
519 1997 648 2054 tantum
680 1995 769 2055 verbi
800 2011 903 2071 φασιν,
933 2011 997 2055 non
1029 1995 1127 2055 simul
1159 1997 1342 2070 subjectum

163 2109 258 2170 verbi
280 2101 363 2166 εἶναι.
388 2143 421 2150 -
454 2108 558 2168 Verba
578 2107 706 2186 χαλεπὸν
725 2117 778 2168 τοῦ
799 2109 868 2187 βίοο
888 2110 1065 2170 editoribus
1086 2110 1208 2170 multas
1228 2111 1342 2170 moles·

163 2224 233 2284 tias
252 2223 446 2296 attulerunt3
468 2221 690 2282 Heindorfium
710 2225 822 2283 autem
842 2244 869 2281 τι
889 2224 929 2284 ad
949 2221 1075 2301 χαλεπὸν
1095 2223 1342 2284 subaudientem

163 2339 214 2396 ita
245 2337 340 2410 probo
355 2329 377 2405 ²)
406 2321 565 2396 utetiam
589 2337 622 2395 in
646 2318 775 2397 textum
799 2358 825 2394 οι
849 2338 1068 2413 recipiendum
1092 2339 1218 2412 ducam,
1243 2351 1344 2410 quum

163 2451 266 2524 genit.
296 2457 349 2508 τοῦ
380 2448 449 2527 βίου
479 2451 637 2522 tanquam
667 2451 700 2509 in
724 2466 798 2511 aere
822 2465 1001 2524 suspensus
1024 2451 1100 2510 ferri
1123 2452 1264 2524 nequeat
1285 2467 1344 2511 nec

164 2565 274 2637 magis
304 2565 344 2624 ad
374 2571 460 2622 τοῦτο
492 2563 603 2624 referri
633 2565 745 2639 possit,
778 2565 809 2624 id
840 2565 924 2638 quod
956 2565 1103 2625 Schneid.
1128 2566 1161 2624 et
1185 2563 1342 2624 Schmela.

166 2680 277 2752 inepte
295 2679 460 2752 putarunt.
482 2678 601 2736 Parum
621 2677 734 2737 idonee
753 2679 824 2738 Ast.
838 2674 1195 2755 xotsrbv'masculinum
1210 2691 1345 2736 sumens

167 2791 306 2851 oonierri
338 2793 438 2866 Jussit
469 2791 562 2864 Gorg.
589 2792 694 2851 meu
726 2790 911 2869 συχνοὺς...
943 2790 1027 2850 reive
1059 2799 1117 2849 τῶν
1148 2787 1243 2869 λόγων
1275 2792 1345 2851 sive

167 2907 248 2979 Rep.
268 2907 371 2968 416ss
392 2904 446 2982 τὴν
466 2905 604 2984 μεγίστην
622 2913 674 2982 τῆς
694 2903 856 2984 εὐλαβείας.
873 2906 1084 2966 Doederlinus
1096 2906 1153 2963 Vae
1170 2907 1204 2967 L.
1217 2903 1345 2984 χαλεπὸν

166 3017 202 3078 τὸ
232 3027 284 3078 τοῦ
317 3021 344 3098 β.
369 3019 455 3079 male
477 3020 699 3093 patrocinatus
722 3021 782 3094 est,
807 3019 971 3079 Liebholdi
995 3021 1106 3079 autem
1132 3019 1249 3089 (Fleck.
1274 3018 1344 3079 Jbb.

170 3134 257 3192 1888
291 3133 341 3194 bd.
380 3135 453 3203 137)
487 3133 616 3210 διάνοια,
649 3136 687 3193 ut
720 3134 862 3194 Socratis
895 3135 927 3193 in
960 3134 1091 3194 Theaet.
1123 3133 1231 3194 verbis
1261 3134 1345 3208 utar,

166 3249 352 3306 monstrum
376 3245 503 3324 χαλεπὸν
525 3245 606 3318 τέλος
628 3255 681 3306 τοῦ
705 3247 774 3325 βίου
798 3247 930 3322 peperit.

12 3363 73 3422 329
103 3358 138 3424 A
216 3360 314 3420 Beklr.
347 3362 380 3421 et
410 3360 557 3421 Schneid.
590 3377 664 3421 cum
697 3361 785 3421 codd.
817 3361 981 3421 nonnullis
1005 3353 1069 3420 οἷόν
1092 3355 1121 3440 γ’
1148 3357 1212 3437 ἐμοὶ
1237 3361 1346 3431 (ceteri

167 3475 260 3534 editt.
284 3471 317 3553 γε’
339 3497 389 3552 μοι
412 3475 625 3545 retinuerunt)
652 3476 763 3536 minus
789 3477 876 3536 recte
905 3476 1082 3549 ediderunt,
1103 3474 1179 3547 quia
1198 3475 1347 3534 Socrates

166 3589 202 3648 in
227 3589 328 3649 3288
352 3591 523 3662 rogaverat
545 3586 595 3648 καὶ
618 3587 657 3666 δὴ
680 3586 730 3648 καὶ
753 3597 825 3648 σοῦ
848 3583 943 3664 ἡδέως
967 3584 1005 3646 dv
1024 3586 1183 3665 πυθοίμην
1203 3585 1220 3646 ὅ
1238 3585 1268 3645 τί
1284 3602 1346 3644 σοι

166 3701 315 3778 φαίνεται,
344 3702 399 3763 ubi
429 3719 476 3760 σοι
506 3703 600 3763 facile
633 3705 768 3764 accentu
800 3717 909 3764 carere
935 3703 1051 3777 potest,
1076 3717 1150 3762 cum
1175 3700 1346 3774 praecedat

168 3821 235 3874 σοῦ.
258 3815 335 3875 Post
359 3807 425 3875 οἷον
448 3817 578 3890 saepius
598 3838 630 3895 γε
649 3817 787 3892 ponitur,
809 3817 848 3876 cf.
871 3817 935 3876 396
948 3816 982 3876 E.
1006 3849 1046 3858 -
1063 3817 1100 3874 In
1120 3815 1346 3876 Malatestiano

167 3928 278 3990 oodice
309 3930 349 3989 ad
379 3948 410 3987 ο.
436 3929 599 4009 παροιμίαν
622 3931 683 3990 troc
707 3929 850 3990 scholion
874 3930 1074 4004 adscriptum
1098 3931 1165 3989 est:
1189 3925 1256 4006 περὶ
1283 3923 1346 4002 ,del

170 4039 290 4113 κολοιὸς
319 4038 387 4102 ποτὶ
417 4041 536 4102 κολοιὸν
563 4042 683 4120 ἱζάνεο,”
716 4059 797 4116 quae
830 4058 907 4103 vera
934 4044 1063 4118 senarii,
1088 4043 1128 4103 ab
1155 4043 1228 4102 aliis
1256 4041 1344 4100 codd.

165 4155 263 4216 aliter
298 4157 419 4230 traditi,
455 4157 559 4217 forma
594 4173 666 4217 esse
698 4157 833 4216 videtur.
869 4190 908 4199 -
942 4157 1074 4216 Praeter
1104 4155 1215 4216 Stallb.
1248 4168 1345 4214 nemo

203 4473 225 4540 ¹)
242 4477 290 4524 Hic
313 4479 379 4536 part.
402 4495 427 4535 γε
451 4447 560 4542 trajecta
583 4480 631 4537 est,
654 4480 684 4524 ut
704 4478 807 4537 saepius
825 4490 866 4537 ap.
883 4477 983 4524 Platon.
1004 4476 1059 4524 Vid.
1078 4489 1116 4522 ex.
1135 4489 1172 4535 gr.
1191 4476 1270 4523 8388
1288 4477 1346 4538 πρός

165 4577 194 4618 γε
213 4562 304 4619 καρποῦ
321 4563 407 4614 κτῆσιν.

191 4631 226 4690 ’2)
242 4635 305 4682 Post
320 4639 436 4694 χαὶιποΝ
452 4647 523 4695 pron.
540 4649 562 4680 τι
580 4635 702 4682 facillime
721 4635 838 4682 excidere
855 4635 946 4694 potuit.
