3260 5098
782 332 786 340 .
812 286 874 344 152

254 477 330 537 runt
356 477 435 537 Bkk.
468 476 530 536 Ast
560 476 738 550 Hermann,
766 472 1041 548 61116αὑποῖς1116
1065 477 1254 551 ambiguum
1279 480 1330 538 est
1355 474 1426 554 (sig-

205 586 229 654 0
251 590 381 652 nificare
405 591 493 651 enim
512 592 619 665 potest
639 591 672 650 et
691 582 979 673 11111661111666
1001 588 1210 670 ἐμπιμπράναι.
1224 592 1295 653 Ρ61.
1309 585 1351 652 AI
1364 608 1426 653 om.

252 703 328 781 αὕτη
351 706 424 778 posi
445 703 566 780 δυνατή.
586 737 629 744 -
649 703 723 764 Mox
744 704 842 764 verba
861 703 888 762 εἰ
905 701 1019 783 γένοιτο
1040 705 1181 765 insiticia
1192 708 1280 783 put0‚
1293 706 1427 767 ridicule

252 819 340 879 enim
364 818 538 878 abundant.
562 817 697 877 Videtur
719 818 753 877 in
777 818 909 891 antiquo
928 818 1008 879 libro
1029 820 1069 878 ad
1089 811 1107 901 ᾗ
1127 816 1240 897 γένοιτο
1259 821 1299 879 ab
1320 819 1428 892 aliquo

253 933 408 992 arbitrato
431 932 560 1006 propter
583 931 681 991 verba
703 931 735 990 in
755 930 773 1000 1
792 931 817 990 E
838 930 865 990 εἰ
882 928 994 1010 γένοιτο
1016 927 1034 1008 ἡ
1055 931 1281 1010 πολιτείααῑίπη
1304 934 1428 993 scribas

253 1038 377 1128 616161
402 1079 442 1088 -
467 1045 504 1104 ut
527 1044 712 1105 sexcenties
735 1043 773 1104 fit
801 1045 1052 1122 -confudisse,
1076 1047 1109 1105 in
1135 1062 1199 1120 mg.
1226 1047 1425 1121 adscriptum

253 1159 354 1219 fuisse
378 1158 405 1219 εἰ
426 1155 540 1239 γένοιτο
566 1159 600 1219 in
623 1159 709 1219 hunc
733 1159 866 1218 modum

964 1245 1026 1307 ἐπεὶ
1049 1246 1093 1307 ὅτι
1115 1270 1148 1329 γε

1181 1338 1202 1382 ol
1218 1336 1306 1394 γένοιτο

518 1396 606 1462 πάντ’
632 1399 670 1461 dv
693 1401 737 1480 εἴη
762 1400 864 1482 ἀγαθὰ
887 1402 970 1464 πόλει
992 1397 1011 1486 ᾖ
1035 1400 1148 1483 γένοιτο
1233 1417 1238 1428 ·

253 1521 285 1581 61
316 1519 429 1580 deinde
460 1519 493 1578 in
523 1532 607 1578 novo
638 1517 819 1592 apographo
849 1517 906 1577 illa
936 1519 1027 1578 varia
1058 1519 1249 1595 1661166661
1273 1518 1429 1599 doryzin

252 1635 382 1695 textum
399 1633 491 1692 illata
503 1647 576 1693 6666
588 1632 627 1691 ab
640 1631 767 1691 indocto
779 1631 916 1692 librario.
930 1630 1023 1691 Unus
1036 1632 1073 1692 16
1087 1632 1216 1693 8161661
1228 1634 1316 1695 codd.
1331 1633 1429 1693 verba

253 1742 272 1832 ᾗ
302 1745 426 1828 γένοιτο,
457 1762 540 1820 quae
569 1746 603 1806 in
635 1745 817 1806 Monacensi
845 1762 865 1818 q
895 1746 1024 1819 punctis
1054 1749 1167 1807 notata
1195 1749 1281 1823 sunt,
1306 1747 1427 1822 omisit,

253 1863 338 1936 quod
370 1863 399 1922 si
428 1861 581 1936 probatur
614 1861 721 1921 verbis
752 1860 778 1919 εἰ
800 1857 914 1938 γένοιτο
937 1862 1078 1921 servatis
1101 1863 1231 1922 omnino
1254 1863 1428 1937 legendum

254 1977 316 2038 erit
354 1975 460 2059 <πῇ>
498 1973 591 2053 πόλει,
631 1976 651 2034 i.
688 1991 715 2035 e.
760 1990 798 2050 „a
831 1975 923 2035 nobis
965 1976 1111 2036 conditae
1136 1976 1300 2051 civitati”;
1326 1977 1429 2037 altera

254 2092 365 2151 autem
406 2090 488 2150 ratio
522 2068 582 2149 hac
618 2089 723 2162 magis
756 2090 929 2164 probanda,
965 2089 1040 2162 quia
1075 2089 1273 2151 Glauconem
1307 2090 1359 2150 hic
1393 2091 1428 2150 in

252 2204 442 2264 universum
473 2203 619 2262 locutum
651 2217 722 2262 6666
755 2203 837 2262 66116
868 2203 1045 2264 verisimile
1077 2209 1137 2264 est.
1169 2204 1247 2264 Post
1269 2197 1289 2287 ᾖ
1313 2201 1428 2283 γένοιτο

251 2317 408 2378 Richards
443 2309 557 2394 (Closs.
592 2315 671 2375 Rev.
711 2312 807 2393 1893)
842 2315 940 2375 inseri
972 2317 1042 2376 vult
1073 2312 1205 2396 ὁμολογῶ
1238 2317 1289 2378 vel
1321 2318 1429 2378 simile

252 2434 397 2508 verbum,
418 2431 521 2496 maier
541 2445 617 2490 nam
637 2430 844 2490 haecomnia
864 2431 957 2502 grata
969 2430 1093 2492 dicendi
1106 2431 1236 2492 licentia
1248 2447 1267 2492 6
1279 2433 1430 2505 sequenti

253 2545 343 2625 (11))
367 2539 435 2606 οῖδα
457 2545 606 2620 pendent.
632 2545 813 2605 Stailbaum
838 2546 936 2605 verba
959 2539 1036 2604 161
1061 2546 1249 2624 παραλείπεις
1274 2543 1329 2624 ἐγὼ
1352 2542 1427 2623 λέγω

253 2661 435 2723 rectissime
459 2657 490 2719 ἐν
514 2655 691 2739 παρενθὲσει
715 2658 800 2718 dicta
823 2659 961 2733 putavit.

107 2777 171 2836 472
199 2772 229 2839 A
297 2756 470 2848 vulgatam
503 2769 721 2856 στρατευομένῳ
753 2769 812 2849 (616
842 2773 904 2832 Ast
934 2770 1047 2851 Bekk.)
1080 2790 1096 2834 6
1129 2773 1313 2834 recentibus
1336 2774 1426 2834 editt.

194 2889 333 2954 Bunus
365 2888 475 2949 Stallb.
508 2885 620 2965 (1858)
652 2886 821 2948 defendere
853 2888 989 2947 conatus
1020 2889 1080 2963 est,
1109 2878 1429 2970 16611611161661

252 3007 290 3064 ut
319 3003 418 3064 verba
447 2999 521 3080 πρὸς
551 2998 583 3060 πὸ
615 3002 690 3062 ante
721 2998 761 3076 μὴ
789 2999 881 3059 εἰπεῖν
903 3001 1043 3074 genuina
1066 3001 1141 3062 sint.
1167 3001 1241 3062 Mox
1264 2996 1424 3080 partimy'

252 3117 326 3192 post
356 3115 385 3174 πί
409 3123 494 3175 τοῦτο
519 3130 632 3175 omnes
660 3113 750 3175 editt.
775 3115 922 3174 recentes
947 3111 1086 3190 (praeter
1110 3115 1289 3176 Α6186116.
1315 3116 1426 3178 Stallb.

252 3233 300 3292 61.
333 3227 439 3307 Goth.)
471 3245 513 3290 ex
543 3245 606 3288 unc
637 3228 713 3288 Ρ61ο
744 3228 773 3287 Α
804 3231 1003 3305 receperunt,
1034 3231 1068 3289 ai
1095 3229 1166 3290 Ρ61.
1191 3222 1232 3288 AI
1255 3224 1278 3308 γ’
1305 3231 1426 3308 omisit,

252 3344 401 3418 quocirca
419 3343 510 3402 iilam
530 3342 709 3402 litterulam
734 3342 879 3416 spuriam
903 3342 993 3402 duco.
1018 3342 1126 3402 Etiam
1146 3343 1178 3402 in
1199 3342 1291 3417 Gorg.
1307 3346 1367 3404 491
1390 3344 1426 3418 Ε,

253 3457 379 3519 Charm.
415 3458 518 3518 164Α
549 3457 623 3530 6661
652 3451 725 3514 ortt
755 3454 784 3514 πί
811 3463 896 3515 τοῦτο
924 3456 1117 3530 particulam
1140 3477 1172 3534 με
1195 3472 1259 3517 non
1282 3458 1425 3518 additam

206 3574 326 3642 (iesse
357 3571 538 3631 Staiibaum
570 3568 705 3630 monuit.
739 3561 759 3653 (Ι
790 3569 966 3642 vulgatam
997 3569 1023 3628 εί
1050 3565 1163 3648 γένοιτο
1186 3585 1328 3645 pugnare
1351 3587 1428 3632 cum

250 3686 407 3762 proximis
440 3685 546 3746 verbis
578 3681 623 3762 (in
653 3685 671 3754 8
703 3683 739 3754 1))
771 3679 833 3743 ἀλλ’
868 3682 911 3744 οὐ
935 3685 1079 3744 τούτου
1103 3681 1216 3744 ἕνεκα
1241 3680 1279 3743 i'v'
1307 3682 1428 3744 ἀποδεί-

250 3801 345 3876 ξωμεν
364 3796 411 3871 ὡς
436 3797 588 3859 δυνατὰ
610 3807 731 3858 ταῦτα
754 3798 970 3878 γίγνεσθαι
989 3799 1114 3860 Bekker
1135 3801 1168 3860 ei
1186 3800 1314 3873 Madvig
1330 3801 1428 3873 probe

248 3915 489 3991 intellexerunt,
534 3930 670 3989 quorum
710 3914 765 3974 ille
803 3906 822 3996 ᾖ
857 3929 913 3988 616
952 3912 977 3972 εί
1011 3915 1230 3988 (probantibus
1265 3915 1359 3975 Aetio
1394 3917 1428 3975 et

249 4029 367 4090 Stailb⁰
391 4029 439 4090 ed.
465 4026 582 4106 dein),
607 4029 659 4089 hic
683 4029 794 4088 autem
819 4025 918 4104 (prob.
943 4025 1084 4106 Baitero)
1106 4026 1155 4087 καὶ
1175 4030 1250 4103 6661
1268 4027 1293 4087 εἰ
1311 4025 1425 4108 γένοιτο

248 4143 498 4218 expungendum
542 4142 684 4218 censuit3
728 4142 835 4202 neutri
876 4142 1059 4202 rectissime
1101 4143 1208 4216 paruit
1243 4141 1426 4217 Gampbeil:

209 4339 214 4350 ’
243 4257 375 4318 Βοίοίοοαι·
406 4257 492 4318 enim
523 4259 557 4318 ca
588 4271 652 4317 non
684 4257 779 4317 modo
813 4271 850 4317 eo
878 4257 1008 4316 nomine
1032 4256 1179 4331 displicet
1203 4251 1425 4340 (6161666161

243 4372 402 4448 particule
426 4368 464 4430 1ν
490 4372 546 4431 vix
570 4371 684 4432 deesse
707 4372 816 4446 potest
835 4371 869 4431 et
887 4369 1110 4430 membrorum
1130 4371 1311 4444 aequalitas
1330 4371 1424 4448 perit,

244 4486 301 4546 661
336 4485 529 4561 praesertim
567 4485 651 4558 quod
687 4485 767 4558 eius,
804 4484 858 4556 qui
892 4480 960 4561 περὶ
993 4489 1046 4542 τοῦ
1083 4482 1200 4543 δικαίου
1232 4481 1425 4561 εὐδαιμονίας

238 4598 438 4659 indicaturus
464 4601 524 4674 est,
548 4598 628 4658 nihil
651 4599 789 4658 interest
815 4598 899 4658 scire
925 4599 1086 4671 quomodo
1109 4594 1125 4658 ὁ
1146 4598 1259 4671 δίκαιος
1278 4596 1425 4679 γίγνομαι,
