3278 5098
859 317 898 375 18

283 501 428 579 ἀναίδεια,
454 501 589 563 αὐθαδία
613 504 718 575 (Dind.
743 505 854 564 autem
878 503 922 563 l.i.
948 505 980 563 et
1001 503 1111 563 Heller
1132 499 1283 562 αὐθάδεια
1303 503 1460 579 probant),

213 637 215 640 ·
283 613 410 692 εὐέπεια,
430 613 566 695 εὐμαρέα,
586 613 730 695 εὐσέβεια,
749 614 907 693 συνήθεια,
925 611 1036 691 ὠφελία
1050 617 1107 687 (sic
1119 617 1310 691 plerumque
1323 617 1395 678 Par.
1409 619 1459 687 A).

283 730 392 791 Heller
415 731 527 791 contra
551 735 589 805 (p.
617 732 668 801 12)
692 731 812 792 rectius
836 730 915 789 mihi
943 730 1071 790 videtur
1099 745 1163 789 uno
1188 726 1306 807 ἀμαθία
1330 733 1460 790 servato

283 846 384 921 πολυ-,
407 841 466 921 σά,
485 842 565 915 δυσ,
585 841 767 921 φιλομάθεια
786 843 949 918 probasse.
971 843 1031 902 Per
1053 864 1097 901 εια
1114 845 1281 917 praeterea
1294 843 1463 904 scribenda

283 959 360 1016 sunt
383 957 462 1018 haec
482 957 704 1017 substantiva:
726 955 831 1032 αἴκεια,
851 954 1002 1034 εὐμάρεια,
1020 953 1162 1034 εὐγένεια,
1182 954 1320 1031 εὐφύεια,
1341 953 1463 1030 ἀφύεια,

286 1067 424 1149 ἀκράτεια
455 1060 558 1141 (cuiue
590 1070 693 1130 altera
716 1071 821 1130 forma
843 1067 967 1149 ἀκρᾶτία
990 1071 1060 1130 Sive
1084 1067 1210 1149 ἀκρᾶσία
1234 1085 1307 1130 cum
1334 1071 1373 1130 ab
1397 1070 1462 1130 alia

283 1185 382 1258 stirpe
406 1185 501 1245 ducto
525 1184 730 1244 substantivo
754 1169 880 1262 ἀκρασία
904 1184 1053 1246 confundi
1076 1199 1141 1244 non
1162 1184 1277 1259 debet),
1299 1181 1462 1259 αὐθάδεια,

284 1293 419 1371 ὠφέλεια.
450 1331 489 1340 -
514 1299 552 1356 In
574 1298 593 1366 ἓ
615 1297 674 1357 ult.
699 1297 821 1372 corrige
845 1298 891 1357 sis
915 1293 1006 1356 νόσον
1034 1296 1144 1369 <τε>
1171 1293 1221 1354 καὶ
1244 1294 1370 1375 ὑγίειαν,
1396 1297 1459 1358 vid.

236 1405 260 1470 {t}
284 1410 371 1470 dicta
401 1411 442 1470 ad
473 1412 537 1471 334
562 1411 596 1471 Ε.
621 1400 641 1494 ΙΙ
665 1411 735 1469 vam
761 1411 785 1470 L
809 1413 1006 1490 προπολεμεῖν
1030 1424 1086 1484 pro
1110 1413 1324 1488 προσπολεμεῖν
1349 1409 1458 1484 Steph.

283 1524 315 1582 et
338 1524 400 1582 Ast
422 1524 607 1600 probarunt,
632 1525 728 1600 male,
752 1524 836 1597 quod
859 1526 931 1584 tum
951 1526 1113 1600 συμμαχεῖν
1133 1522 1228 1597 plane
1248 1499 1390 1583 otiosum
1411 1521 1459 1583 fit.

281 1637 453 1698 Praeterea
472 1641 668 1717 προπολεμεῖν
689 1639 727 1698 de
743 1639 784 1698 iis
796 1638 946 1712 usurpari
958 1637 1041 1698 solet
1053 1637 1107 1710 qui
1119 1638 1260 1711 patriam
1273 1636 1457 1697 defendunt.

282 1750 341 1825 Qui
372 1751 409 1811 V.
443 1751 467 1810 L
500 1748 543 1822 [ἐν
571 1755 621 1835 τῷ]
648 1751 809 1828 ξομμαχεῖν
831 1751 976 1827 probant,
1001 1766 1057 1811 eos
1084 1750 1196 1824 <τε>
1223 1748 1273 1809 καὶ
1297 1751 1459 1828 ξυμμαχεῖν

281 1864 386 1938 legere
417 1866 553 1940 oportet,
589 1865 652 1925 vid.
684 1866 703 1934 3
734 1866 760 1923 D
793 1860 933 1939 ὠφελείας
964 1885 994 1923 τε
1025 1861 1075 1922 καί
1107 1863 1220 1943 βλάβας
1252 1867 1284 1924 et
1308 1864 1394 1924 dicta
1417 1863 1463 1938 ad¹

283 1979 346 2037 334
370 1978 405 2038 Ε.
429 1977 601 2038 Praeterea
625 1979 747 2052 corrige
771 1975 869 2057 έμοιχε
893 1978 1000 2037 δοκεῖν.

136 2098 199 2156 333
230 2093 260 2160 Α
329 2090 492 2150 Vocabula
514 2090 613 2169 χρείαν
637 2088 656 2169 li
680 2099 782 2168 κτῆσιν
806 2094 839 2152 et
862 2090 973 2167 4510,
998 2091 1122 2152 Menex.
1148 2092 1212 2151 238
1236 2091 1262 2150 B
1286 2091 1459 2152 coniuncta

228 2208 258 2273 Β
282 2207 368 2264 sunt.
394 2196 413 2287 ΙΙ
438 2207 475 2265 In
498 2205 516 2274 5
540 2206 565 2265 B
584 2222 641 2280 pro
661 2205 854 2284 κρουσμάτων
874 2206 931 2276 (sic
951 2206 1013 2265 duo
1034 2205 1134 2276 codd.)
1156 2205 1246 2265 editt.
1262 2205 1358 2278 vulgo
1370 2205 1459 2264 recte

181 2347 186 2358 ·
282 2317 457 2396 κρουμάτων
480 2319 634 2395 scribunt,
660 2321 722 2380 etsi
746 2319 952 2380 substantiva
975 2320 1007 2378 in
1032 2341 1083 2395 -μα
1112 2319 1265 2379 exeuntia
1286 2323 1360 2389 (uno
1382 2328 1457 2379 voc⁰

283 2432 362 2508 ζῶμα
387 2435 542 2508 excepto),
567 2432 594 2492 si
618 2448 638 2492 a
660 2433 811 2507 perfectis
835 2433 867 2492 in
892 2447 974 2509 σμαι
998 2447 1073 2492 eum
1098 2433 1215 2491 natura
1234 2431 1330 2505 longa
1349 2432 1456 2506 penul·

281 2547 364 2606 tima
398 2547 495 2606 ducta
525 2548 612 2621 sunt,
644 2545 788 2606 litteram
820 2560 837 2602 σ
867 2533 1035 2605 assumere
1066 2544 1172 2605 solent
1204 2545 1279 2615 (vid.
1313 2541 1460 2622 άκουσμα,

282 2664 433 2738 θραάσμα,
456 2657 611 2736 κέλευσμά,
632 2657 803 2736 πάλαισμα).
829 2659 1027 2719 terminatio
1051 2657 1083 2717 in
1108 2673 1178 2735 σμα
1202 2659 1361 2718 recentior
1386 2663 1456 2719 erat

280 2788 378 2845 quam
411 2772 522 2832 altera.
550 2805 589 2814 -
615 2771 697 2832 (ilar.
721 2773 878 2833 Richards
902 2771 1015 2843 (illese.
1040 2771 1119 2831 Rev.
1147 2767 1241 2841 1893)
1267 2746 1388 2833 σίζάλί
1415 2770 1457 2843 εἰς

278 2885 357 2955 τίνος
389 2890 455 2960 (pro
486 2885 562 2955 τίνα)
596 2883 633 2962 δὴ
661 2885 833 2961 κοινωνίαν,
857 2901 921 2947 non
945 2885 1041 2961 male,
1066 2885 1142 2958 quia
1165 2885 1198 2942 in
1222 2882 1241 2960 ξ
1264 2886 1292 2945 Α
1316 2885 1456 2959 legimus

278 2997 319 3068 εἰς
349 2996 458 3069 τίνος
491 2997 591 3076 χρείαν
618 2994 638 3076 ἢ
661 3005 774 3076 κτῆσιν,
803 3015 867 3059 non
890 3015 968 3059 vero
999 2997 1040 3069 εἰς
1063 2997 1099 3056 τί
1106 2997 1283 3077 ναχρείαν.
1307 2997 1456 3059 Nonnun-

279 3126 377 3184 quam
409 3112 482 3183 (vid.
515 3112 616 3181 Basti
648 3111 776 3172 litterae
807 3111 833 3172 Ὀ
858 3115 891 3173 et
915 3111 937 3173 G
961 3113 995 3172 in
1019 3112 1179 3186 scriptura
1201 3111 1330 3189 unciali,
1355 3127 1456 3185 quum

280 3226 382 3286 altera
413 3226 550 3285 alteram
582 3226 749 3302 contingit,
781 3227 837 3286 ita
852 3227 1037 3287 coalescunt
1060 3228 1098 3286 ut
1120 3225 1265 3286 litteram
1289 3249 1308 3283 α
1332 3241 1455 3300 reprae-

234 3335 411 3402 Osentare
442 3340 622 3400 videantur.
655 3374 694 3382 -
729 3339 856 3414 con-ige
880 3337 977 3419 έμοιχε
1001 3338 1108 3399 δοκεῖν.
1133 3331 1152 3423 ΙΙ
1177 3340 1282 3400 Verba
1304 3335 1324 3418 ί)
1346 3339 1456 3424 χρυσίῳ

278 3454 487 3527 suppositiela
511 3454 596 3529 sunt,
622 3454 697 3526 quia
720 3454 754 3514 in
777 3454 935 3529 proximis
961 3451 1007 3532 (B)
1032 3469 1095 3514 non
1116 3455 1154 3514 de
1174 3456 1317 3529 argento,
1339 3452 1395 3514 sed
1416 3454 1455 3514 ‹le

278 3568 413 3640 pecunia
444 3583 551 3627 sermo
583 3568 653 3627 fuit.
687 3568 786 3628 Plane
817 3568 924 3629 differt
951 3567 1040 3629 locus
1064 3568 1097 3626 in
1121 3562 1185 3626 lta
1209 3566 1243 3626 Ε.
1269 3566 1454 3627 Verisimile

277 3683 337 3756 est,
363 3696 463 3754 quum
488 3681 639 3741 continuo
665 3681 800 3740 verbum
822 3677 1093 3759 παρακαταθέσθαι
1113 3680 1277 3756 sequatur,
1298 3680 1456 3772 lectorem

275 3795 436 3867 quendam
471 3794 532 3855 loci
562 3795 629 3854 fere
661 3794 840 3854 consimilis
864 3795 897 3854 in
921 3796 985 3855 332
1007 3795 1035 3854 Α
1060 3794 1118 3855 ult.
1143 3787 1186 3864 (ὃς
1210 3790 1247 3850 άν
1271 3815 1310 3877 πρ
1334 3792 1455 3873 χρυσίον

274 3904 378 3989 άποδῷ
408 3903 695 3990 παρακαταθεμένῳ)
728 3923 907 3967 memorem
939 3908 973 3967 in
1005 3923 1070 3981 mg.
1104 3903 1255 3989 ἣχρυσίρι
1279 3908 1456 3966 annotasse

275 4037 377 4095 eaque
410 4021 507 4082 verba
536 4024 650 4096 postea
677 4022 711 4081 in
736 4024 864 4082 textum
888 4022 1069 4083 devenisse.
1095 4021 1140 4082 (li.
1167 4021 1230 4080 334
1254 4021 1283 4080 A
1306 4019 1333 4079 εἰ
1354 4016 1411 4099 άρα
1439 4016 1456 4080 ὅ

277 4133 391 4205 δίκαιος
415 4130 557 4214 ἀργύριον
582 4132 678 4204 δεινὸς
702 4132 868 4209 φυλάττειν.
900 4168 939 4179 -
965 4135 1149 4196 Secundum
1170 4150 1217 4212 ea,
1239 4151 1322 4210 quae
1343 4137 1404 4197 331
1428 4136 1455 4195 D

277 4248 449 4323 disputavi,
482 4249 652 4321 sequentia
681 4248 729 4308 sic
759 4248 879 4309 scribe:
913 4245 1042 4321 σάκουν;
1074 4245 1165 4328 λέγεις
1190 4247 1260 4308 άεαν
1280 4244 1412 4326 μηδὲν..
1427 4293 1455 4308 ..

276 4365 412 4435 κεῖσθαι;
439 4361 552 4422 eodem
577 4361 671 4421 modo
692 4377 754 4434 quo
774 4364 848 4436 post
867 4361 896 4420 εί
913 4359 946 4422 δέ
966 4363 1028 4423 (1αο
1048 4362 1200 4436 interrog.
1222 4363 1314 4436 signa
1334 4377 1453 4436 ponun-

225 4477 252 4543 li
276 4477 338 4534 tur.
364 4466 383 4557 ΙΙ
408 4476 478 4537 Par.
505 4469 546 4535 ΑΙ
569 4475 691 4552 οὐκοῦν,
714 4467 768 4535 ΑΗ
792 4491 857 4549 mg.
882 4474 938 4536 ουἰκ
957 4473 995 4535 tv
1017 4466 1073 4536 οὖν
1093 4493 1156 4538 sec.
1178 4476 1309 4551 campe.
1323 4477 1456 4538 exhibet

275 4590 363 4663 (,the
385 4611 402 4646 ν
430 4590 465 4649 of
481 4585 519 4646 άν
543 4590 650 4664 partly
674 4591 768 4650 eaten
793 4590 929 4663 away”).
957 4625 996 4634 -
1022 4591 1132 4651 Baiter
1154 4591 1327 4664 legendum
1351 4577 1453 4665 suspi-
