3260 5098
736 306 798 366 105

170 490 325 570 γεωργοὺς
356 488 427 553 οὐδὲ
449 489 592 573 κεραμέας
622 488 765 572 κεραμέας
788 497 871 552 ποιεῖ
890 489 985 570 (quod
1009 510 1050 555 ex
1072 505 1217 575 ποιοῦμεν
1240 502 1350 560 mente

173 603 415 684 supplendum),
448 602 520 665 άλλά
550 627 632 677 τινας
663 604 759 685 ὥσπερ
790 609 848 664 κτλ.
879 606 985 668 Verba
1015 605 1086 668 άλλο
1110 606 1148 670 άν
1171 633 1197 670 τι
1221 608 1240 690 δ)
1264 611 1351 673 πάλιν

172 715 257 798 λέγοι
280 719 359 780 mihi
381 720 491 795 spuria
514 735 587 781 esse
611 721 760 781 videntur
783 722 817 780 et
839 722 917 781 nota
937 723 1127 796 marginalis
1149 726 1192 806 ad
1209 719 1271 785 ἀλλ’
1295 724 1351 786 οὐκ

173 829 211 891 ἐν
238 831 328 910 πόλει,
349 835 423 907 post
445 848 528 907 quae
550 832 645 908 plane
668 833 796 910 frigent,
824 834 955 894 etiamsi
978 835 1089 896 liceret
1113 833 1210 915 (quod
1234 854 1351 900 sensus

173 943 279 1023 vetat)
304 946 401 1007 verba
424 946 572 1025 γεωργούς
594 968 676 1017 τινας
699 945 796 1025 ὥσπερ
807 991 881 1006 .....
902 945 1081 1025 εὐδαίμονας
1104 966 1161 1024 pro
1185 952 1351 1026 scriptoris

172 1060 440 1134 interpretatione
478 1061 568 1121 vocis
604 1057 697 1120 ἐκεῖνο
732 1061 860 1122 hahere.
896 1061 1046 1136 Madvigii
1081 1065 1141 1123 cam
1175 1061 1352 1145 ἑστιάτορας,

172 1169 380 1251 εὔδαιμονμς]
414 1170 483 1234 titio
515 1170 552 1232 άν
583 1196 609 1233 τι
642 1177 691 1232 τι)
715 1171 773 1252 (sic
797 1171 918 1251 Baiter)
943 1177 1030 1235 recte
1055 1175 1212 1238 Richards
1236 1175 1349 1256 (disse.

174 1287 258 1348 Rev.
292 1284 388 1365 1893)
420 1287 584 1364 refutavit,
615 1288 684 1362 ipse
716 1284 826 1364 (prave
857 1287 886 1348 si
913 1289 988 1361 quid
1014 1286 1117 1368 video)
1142 1291 1303 1353 coniciens
1326 1291 1353 1351 εἰ

178 1394 257 1477 [μέν]
272 1391 327 1459 οὖν
339 1395 421 1478 ἡμεῖς
431 1445 502 1459 .....
514 1397 607 1480 λέγων
620 1397 730 1480 ἀργούς
744 1398 812 1478 (pro
823 1398 985 1481 γεωργούς)
998 1423 1080 1473 τινας
1092 1399 1142 1462 καὶ
1154 1402 1251 1484 ὥσπερ
1261 1451 1347 1464 ......

175 1511 367 1590 εὐδαίμονας,
397 1509 467 1573 dito
499 1512 536 1590 δή
568 1510 637 1591 (pro
667 1510 717 1591 tv)
749 1535 776 1572 τι
806 1510 826 1592 ἢ
857 1512 944 1574 πόλιν
967 1511 1051 1593 λέγει.
1074 1515 1145 1576 Vox
1170 1515 1351 1594 εὐδαίμονας

175 1628 326 1701 respectu
347 1627 412 1687 420
424 1627 487 1687 ΒΕ
506 1643 570 1688 non
590 1627 660 1687 sine
680 1627 746 1688 leni
765 1627 832 1688 risu
853 1628 971 1704 addita,
992 1630 1076 1701 quod
1096 1645 1159 1690 non
1172 1631 1351 1692 sentientes

176 1742 212 1800 et
242 1739 452 1801 Ruhnkenius
483 1738 573 1818 (nota
603 1756 665 1801 ms.
697 1741 730 1800 in
753 1741 856 1815 ipsius
879 1740 1023 1801 Platonis
1048 1743 1226 1818 exemplari
1250 1745 1349 1818 Lugd.

175 1853 214 1914 Β.
239 1852 417 1932 asservato)
439 1855 471 1914 et
492 1853 761 1928 wyttenbachius
782 1854 987 1914 coniecerunt
1007 1851 1061 1914 ἐστ.
1087 1853 1172 1920 <uel
1192 1852 1241 1932 (V.
1262 1855 1347 1935 L;)>

119 1971 149 2040 G
177 1967 368 2047 δαιτυμόνας.
400 1961 419 2053 ΙΙ
451 1969 567 2029 Dubito
599 1984 640 2030 an
662 1973 758 2038 καλῶς
782 1970 856 2028 ante
881 1965 1064 2048 οἰκιζομένης
1087 1971 1265 2044 genuinum
1288 1971 1350 2046 sit;

180 2083 350 2144 meliorem
380 2084 467 2143 certe
497 2082 694 2143 sententiam
727 2082 963 2159 nanciscemur,
995 2083 1024 2144 si
1047 2057 1133 2143 Ισάτα
1157 2085 1258 2144 etiam
1276 2099 1352 2144 cum

113 2200 150 2265 I)
179 2191 363 2273 οἰκιζομένης
383 2195 655 2256 coniunxerimus
677 2185 697 2278 ΙΙ
717 2195 795 2255 Delo
809 2196 908 2256 verba
920 2194 992 2255 ὥστε
1004 2193 1054 2256 καὶ
1065 2195 1176 2268 κακοὺς
1187 2196 1352 2277 γίγνεσθαι.

178 2310 402 2370 nunciaverat
432 2309 549 2382 aliquis
580 2309 615 2370 in
645 2322 710 2382 mg.
744 2307 815 2368 ὥστε
846 2306 957 2380 κοινοὺς
985 2308 1150 2389 γίγνεσθαι,
1173 2311 1267 2382 quasi
1289 2325 1353 2370 non

180 2423 287 2484 omnis
310 2419 466 2500 διαφθορὰ
488 2395 637 2483 homines
661 2424 693 2482 et
716 2437 769 2483 res
793 2422 895 2482 vitiet.
920 2421 1003 2483 Illud
1026 2419 1076 2481 τινὶ
1100 2420 1196 2500 (quod
1221 2423 1351 2497 (lampb.

180 2534 261 2619 τιάσμ
290 2532 375 2619 τέχνῃ
402 2536 562 2611 explicare
585 2531 731 2613 conatur)
755 2535 972 2610 dittographia
994 2537 1101 2596 ortum
1125 2537 1186 2597 est.
1213 2569 1253 2579 -
1278 2535 1353 2595 Mox

180 2641 402 2724 corrigendum
433 2643 472 2708 ἔτ’
508 2647 669 2726 ἐθελήσειν,
691 2649 763 2710 vide
787 2649 827 2709 ad
851 2649 913 2710 391
928 2649 966 2709 A.
991 2649 1069 2708 Post
1091 2663 1194 2724 pauca
1217 2650 1351 2710 verbum

179 2760 359 2843 παρέχεσθαι
382 2743 548 2824 insolitam
573 2764 639 2823 vim
663 2763 716 2823 hic
735 2763 833 2823 habet
856 2763 937 2840 ,sibi
956 2764 1121 2839 parandi,”
1142 2765 1354 2838 quamobrem

181 2877 319 2939 Oobetus
350 2891 463 2938 vocem
495 2877 624 2952 delevit,
656 2877 820 2937 Herwerd.
849 2879 960 2938 autem
985 2877 1059 2948 (lin.
1087 2879 1182 2948 1891)
1207 2878 1245 2939 ci.
1270 2877 1354 2956 ινορί-

181 2994 299 3065 ζεσθαι;
330 2990 492 3067 posterius
522 2990 633 3064 opinor
662 2989 859 3064 probabilius
890 2994 950 3052 est.
976 2987 1164 3070 Πορέχεσθαι
1192 2991 1355 3066 significat

184 3107 241 3183 ,de
264 3121 324 3167 suo
346 3105 531 3179 praebere”,
560 3105 612 3179 ,to
635 3103 773 3177 produce
793 3104 836 3177 by
855 3105 944 3165 one's
965 3120 1037 3165 own
1057 3105 1206 3166 inherent
1225 3105 1353 3179 power'’

126 3221 154 3286 id
182 3220 346 3296 (damph),
370 3219 479 3290 itaque
502 3218 566 3278 huc
586 3216 720 3277 minime
740 3218 886 3289 quadrat.
912 3209 931 3302 ΙΙ
955 3218 1016 3278 Pro
1037 3216 1184 3290 διδάξεται
1205 3217 1354 3293 Oobetus,

181 3332 232 3393 W.
254 3331 293 3392 H.
314 3330 498 3407 Thompson
519 3331 638 3402 (lcum.
659 3331 694 3391 oi
710 3330 791 3392 Phil.
811 3331 876 3391 XII
895 3347 924 3406 p.
940 3332 1025 3407 184),
1038 3332 1077 3391 K.
1091 3331 1127 3392 G.
1141 3332 1175 3392 P.
1190 3332 1355 3393 Schwartz

182 3446 255 3517 (Mn.
289 3445 373 3505 1885
404 3460 433 3518 p.
467 3445 519 3515 84)
552 3446 638 3505 recte
669 3446 879 3505 correxerunt
909 3443 1031 3521 διδάξει,
1064 3445 1139 3504 licet
1170 3444 1198 3504 J.
1223 3444 1355 3504 Richter

181 3558 298 3630 (Fleck.
329 3558 398 3619 Jbb.
433 3558 529 3629 1867)
553 3560 587 3618 et
611 3557 740 3633 (lampb.
766 3559 929 3619 mordicus
953 3558 1119 3632 vulgatam
1143 3557 1353 3632 defenderint,

180 3673 236 3733 ille
265 3672 389 3733 Menex.
422 3672 524 3732 238ss
555 3686 756 3748 comparans,
789 3673 841 3732 hic
872 3671 972 3733 Arist.
1006 3672 1088 3732 Nub.
1122 3672 1185 3734 788
1218 3668 1285 3741 (οὐκ
1317 3665 1355 3726 tv

181 3785 360 3864 διδαξοίμην
392 3779 418 3842 σ’
454 3783 514 3861 ἔτι),
547 3785 602 3859 qui
632 3785 722 3846 locus
753 3785 820 3845 iam
851 3786 974 3846 dudum
998 3785 1114 3846 multis
1136 3784 1211 3854 (vid.
1236 3782 1354 3843 Theod.

181 3899 296 3962 Kooldi
322 3900 403 3961 Nub.
429 3901 489 3969 ed)
512 3900 688 3960 mendosus
712 3900 804 3959 visus
827 3901 887 3960 est.
909 3900 983 3969 In§
1005 3899 1063 3959 ult.
1089 3898 1160 3959 coll.
1184 3897 1210 3956 D
1233 3898 1305 3970 lege
1328 3910 1354 3956 c.

181 4013 304 4087 aliquot
335 4014 435 4089 codd,
467 4013 614 4090 Eusebio,
647 4014 783 4075 Stobaeo
819 4011 925 4079 <τδι>
959 4018 1031 4073 τεοῖο
1061 4020 1171 4087 ccccm
1200 4010 1357 4072 articulus

181 4127 412 4202 haplographia
435 4127 564 4188 excidit.

12 4255 89 4315 422
121 4249 158 4316 Α
227 4240 367 4317 Optimis
390 4241 479 4301 codd.
503 4246 662 4309 ποιοῦντος
686 4242 752 4314 (pro
773 4237 967 4317 ἐμποιοῦντος
987 4240 1034 4300 sic
1054 4239 1129 4300 llus.
1151 4240 1248 4309 Stob)
1270 4253 1356 4314 prae·

181 4354 332 4416 bentibus
359 4354 439 4414 Bkk.
465 4355 498 4414 et
521 4353 632 4414 stallo.
657 4369 721 4413 non
745 4353 1017 4428 obtemperarunt,
1042 4355 1139 4428 recte,
1164 4352 1203 4412 cf.
1229 4353 1294 4410 424
1318 4352 1356 4426 A,

182 4469 247 4528 444
273 4468 313 4544 0;
338 4472 372 4528 at
394 4468 490 4542 paulo
513 4469 588 4528 ante
608 4468 723 4527 iisdem
744 4467 832 4532 codd.
854 4488 882 4526 τε
901 4470 974 4541 post
993 4463 1111 4545 τροφὴν
1132 4464 1357 4524 omittentibus

120 4585 157 4650 Β
180 4581 268 4643 male
291 4582 357 4642 iere
382 4596 496 4641 omnes
520 4581 610 4641 editt.
633 4582 820 4656 paruerunt,
845 4581 917 4642 vide
940 4580 1027 4641 dicta
1047 4579 1086 4640 ad
1106 4578 1169 4640 329
1189 4577 1228 4637 Α.
1242 4568 1262 4661 ΙΙ
1277 4577 1357 4638 Cum
