3260 5098
886 351 947 412 128

329 539 461 611 vulgata
490 535 531 597 ἔτι
556 560 583 597 τι
607 529 662 598 οὖν
686 534 783 617 ἕτερον
805 543 855 598 κτλ
878 555 1054 614 pronomen
1078 562 1104 598 τι
1128 540 1244 601 abesse
1269 555 1365 615 posse
1389 541 1493 601 Herm.

307 654 414 712 -recte
444 652 495 723 (cf.
527 653 566 712 ad
590 653 654 714 428
675 653 714 722 Α)
738 653 979 729 animadvertit,
1003 656 1115 713 tamen
1140 669 1203 714 non
1227 655 1297 715 erat
1320 670 1379 716 cur
1401 654 1440 714 ab
1462 670 1494 714 eo

329 766 496 827 eiceretur.
513 766 647 840 Saepius
659 787 686 825 τι
697 780 717 827 a
730 767 895 842 vocabule,
909 768 949 827 ad
961 768 1045 840 quod
1058 768 1207 842 pertinet,
1221 767 1423 845 distrahitur,
1437 767 1493 828 vid.

283 871 307 940 (δ
331 894 381 940 ex.
413 893 459 951 gr.
489 881 599 940 5031)
630 878 702 940 ὅταν
725 902 751 939 τι
776 877 828 963 δέῃ
852 888 988 940 τοιοῦτον
1012 880 1167 940 διαπονεῖν
1190 885 1247 940 κτλ.
1271 873 1291 964 ΙΙ
1315 881 1493 954 Legendum

327 1009 399 1054 esse
424 993 560 1055 arbitror
583 991 819 1070 ἐκινδυνεύομεν.
846 993 1017 1072 Litterae
1045 996 1119 1068 pest
1142 992 1344 1071 δικαιοσύνηθ
1371 995 1493 1054 excidit.
1588 1019 1589 1026 ¹

329 1106 410 1167 (ium
429 1104 523 1177 εὐθὺς
545 1103 700 1184 ἀρχόμενοι
721 1107 948 1181 imperfectum
969 1108 1022 1183 sit,
1043 1109 1188 1182 praestat
1207 1107 1386 1168 orationem
1404 1108 1492 1167 direc-

327 1223 398 1281 tam
421 1235 496 1281 cum
519 1220 676 1281 indirecta
699 1237 762 1282 non
791 1220 920 1281 misceri
944 1221 977 1279 in
1001 1221 1164 1280 sententia
1186 1236 1249 1281 uno
1273 1221 1493 1280 tantummodo

326 1333 509 1406 praedicato
524 1335 677 1408 praedita.
691 1334 737 1394 De
749 1311 846 1394 huius
859 1333 919 1394 loci
931 1336 1042 1394 mente
1055 1332 1272 1408 eampbeliins
1285 1334 1441 1394 videatur.
1456 1367 1491 1376 —
1589 1349 1590 1352 ¹

327 1448 486 1522 Madvigio
501 1442 521 1519 1)
541 1449 573 1507 in
595 1448 711 1508 vicinia
732 1430 828 1507 verba
849 1439 885 1505 δι’
907 1441 923 1505 δ
944 1443 992 1504 καὶ
1013 1442 1123 1521 ὠφελεῖ
1138 1463 1270 1520 prorsus
1291 1463 1389 1507 sensu
1407 1462 1493 1507 cassa

326 1562 481 1622 iudicanti
505 1561 663 1622 assentire
686 1576 820 1636 nequeo,
846 1561 902 1620 sed
926 1560 1148 1633 corrigendum
1173 1555 1374 1636 diptiacum
1396 1561 1491 1635 Aetio,

271 1658 302 1722 Ῑ)
326 1675 419 1735 cuius
450 1675 523 1735 vide
550 1675 859 1748 interpretationem.
885 1665 904 1756 ΙΙ
929 1673 979 1733 Ad
1004 1669 1125 1731 ἕκαστον
1150 1676 1259 1734 mente
1284 1674 1490 1748 supplendum

326 1784 421 1866 γένος,
442 1791 526 1862 quod
549 1789 663 1848 Aetius
686 1803 748 1848 non
772 1788 969 1863 perspiciens
994 1787 1031 1846 ei.
1058 1782 1179 1845 ἕκαστον
1208 1789 1345 1862 <τῶν>
1369 1785 1400 1847 ἔν
1420 1786 1491 1870 αὐτῷ

327 1901 409 1971 (dell.
438 1903 463 1961 B
487 1903 530 1963 in.
563 1901 613 1961 ὅτι·
636 1901 714 1985 αὐτῷ
745 1910 804 1960 τῶν
829 1899 860 1960 ἐν
884 1900 964 1984 αὐτῷ
988 1898 1110 1960 ἕκαστον
1135 1905 1204 1976 κτλ),
1231 1903 1328 1978 male,
1353 1918 1426 1962 nem
1449 1903 1491 1961 sie

327 2014 505 2088 tautologia
524 2014 570 2091 fit,
599 2015 675 2088 quia
701 2012 737 2074 τὰ
760 2012 791 2073 ἐν
815 2011 894 2097 δοκῷ
919 2015 991 2076 coll.
1016 2015 1034 2084 8
1058 2015 1083 2075 Β
1107 2017 1201 2075 erunt
1224 2016 1281 2075 illa
1305 2013 1337 2074 ἐν
1360 2025 1394 2098 τη·
1417 2023 1491 2096 ψνηη
1591 2093 1592 2102 ¹

327 2123 406 2206 ηένη.
440 2162 479 2171 -
512 2129 549 2188 In
582 2130 792 2201 sequentibus
822 2131 928 2189 insere
959 2137 1050 2188 ταῦτα
1082 2132 1157 2190 ante
1188 2129 1252 2208 τρία
1284 2126 1355 2188 ὄντα
1378 2133 1412 2190 ut
1434 2128 1491 2206 τρία

328 2240 447 2300 habeat
477 2256 540 2313 quo
570 2243 728 2302 referatur
759 2243 809 2312 (ci.
841 2244 906 2303 444
926 2244 954 2302 Α
982 2243 1040 2303 ult.
1066 2251 1153 2321 τριῶν
1178 2238 1273 2302 άντων
1295 2242 1406 2302 ταύταν
1428 2245 1489 2311 uri).

327 2354 448 2414 Deinde
479 2355 602 2430 corrige
632 2354 740 2432 νεάτην
769 2377 792 2414 τ.
824 2379 849 2414 κ.
881 2354 1000 2432 δεκάτην
1030 2353 1081 2414 καὶ
1111 2353 1212 2433 μέσην.
1244 2355 1324 2416 dum
1350 2357 1434 2416 enim
1455 2355 1490 2414 ad

327 2466 432 2544 νεάτης
456 2473 566 2535 mente
579 2470 801 2550 supplendum
822 2471 866 2530 sit
886 2470 1003 2548 χορδῆς,
1022 2469 1170 2544 equidem
1191 2486 1254 2531 non
1275 2472 1394 2545 exputo
1414 2469 1490 2528 unde

278 2573 376 2641 Iiilli
400 2582 534 2654 genitivi
557 2584 726 2658 pendeant.
752 2575 771 2666 Η
794 2584 864 2641 Vann
888 2584 912 2643 L
940 2579 1087 2662 <ττερὶ>
1114 2582 1263 2643 πολιτικόν
1282 2587 1359 2642 recte
1378 2596 1489 2656 recepe·

327 2702 403 2755 runt
433 2695 542 2770 Steph.
575 2698 637 2757 Ast
668 2697 778 2758 Stallb.
812 2697 871 2767 (ed.
903 2697 1019 2773 Goth),
1051 2698 1128 2772 quia
1159 2693 1178 2774 di
1211 2697 1311 2757 etiam
1335 2697 1409 2757 ante
1431 2691 1489 2769 τεηὶ

326 2807 482 2886 χρημάτων
507 2811 652 2871 additum
681 2812 747 2885 est;
775 2811 852 2871 licet
871 2811 976 2872 dicere
996 2828 1046 2872 ex.
1067 2826 1113 2885 gr.
1138 2807 1204 2889 περὶ
1224 2809 1332 2889 μητρὸς
1352 2805 1371 2888 ἢ
1390 2804 1489 2886 καιρὸς

326 2918 345 2998 ἢ
378 2918 509 2998 ἀδελφῆς
540 2923 592 2983 vel
621 2919 640 3000 ἢ
671 2920 736 3000 περὶ
765 2947 792 3000 μ.
817 2921 836 3002 ἢ
859 2921 926 3002 περὶ
949 2945 979 2983 τι.
1004 2922 1023 3002 ’ὴ
1045 2921 1111 3002 περὶ
1134 2921 1172 3000 ά,
1195 2926 1229 2984 at
1252 2940 1316 2984 noe
1339 2920 1358 3001 ἢ
1382 2919 1443 3000 περὶ
1465 2944 1488 2997 μ.

327 3029 476 3112 ἢτατηὸς
494 3030 514 3112 ἢ
533 3032 673 3112 ἀδελφῆς.
695 3037 813 3118 Statim
835 3040 908 3112 post
927 3039 998 3098 Par.
1020 3039 1045 3097 A
1069 3053 1132 3098 sec.
1154 3038 1332 3098 Jordanum
1352 3037 1489 3108 (Hermes
1593 3031 1594 3072 i

328 3147 378 3207 hd.
406 3148 456 3217 13)
489 3149 522 3207 et
551 3148 680 3224 Gampb.
706 3147 878 3229 exhibetil
902 3148 1026 3229 ereptori
1049 3149 1120 3227 ἴδια,
1143 3166 1207 3210 τιον
1231 3147 1250 3229 ἢ
1278 3147 1407 3223 <καδ>
1432 3143 1489 3224 aspi

326 3263 385 3319 κτλ.
416 3294 460 3301 -
491 3261 596 3322 Verba
626 3259 730 3322 ἄδικον
763 3259 794 3322 δὲ
823 3264 931 3343 πρᾶξιν
942 3309 1015 3322 .....
1049 3262 1139 3334 δόξαν
1170 3264 1281 3338 εμενδεδ
1304 3264 1341 3323 R.
1366 3259 1488 3322 Ausfeld

327 3374 567 3444 (Genethliacon
592 3376 677 3436 eott.
705 3377 799 3447 1888)
824 3378 950 3439 censuit
973 3385 1091 3452 putans
1112 3378 1153 3437 iis
1174 3392 1305 3437 omnem
1328 3378 1393 3436 vim
1412 3389 1487 3450 prae·

326 3488 386 3563 ripi
405 3487 585 3548 iniustitiae
608 3487 795 3566 definitioni,
819 3506 917 3563 quam
942 3491 1091 3551 Socrates
1114 3491 1266 3551 continuo
1290 3491 1488 3551 adiuncturus

326 3604 370 3664 sit
400 3603 433 3663 et
456 3600 580 3662 firmari
603 3603 686 3663 hanc
709 3604 927 3664 coniecturam
955 3621 1010 3680 ,eo
1035 3604 1118 3677 quod
1142 3604 1235 3679 inira,
1261 3605 1315 3664 ubi
1339 3600 1488 3664 iniustitia

326 3716 486 3791 definitur,
518 3712 636 3792 ἀμαθία
668 3717 788 3776 iterum
810 3720 1018 3780 ,memoretur
1044 3717 1134 3778 nulla
1157 3719 1269 3779 tamen
1294 3715 1487 3789 definitionis,

326 3843 408 3902 quae
439 3829 491 3889 hic
521 3830 725 3904 proponatur,
758 3830 868 3893 habita
900 3831 1056 3892 ratione.”
1089 3831 1132 3889 At
1163 3831 1213 3890 bis
1243 3831 1292 3890 vir
1320 3831 1348 3892 d.
1374 3828 1487 3903 egregie

326 3943 464 4003 fallitur:
497 3943 534 4002 ut
564 3942 615 4002 hic
646 3938 763 4018 ἀμαθία
792 3943 908 4003 dicitur
937 3943 1020 4003 λύειν
1051 3943 1162 4020 ταύτην
1191 3948 1245 4014 (sc.
1270 3941 1324 4019 την
1344 3939 1422 4016 ἕξιν),
1448 3940 1487 3999 sie

326 4057 410 4117 inira
433 4057 508 4129 (444
528 4055 564 4125 Β)
589 4055 702 4115 eadem
727 4056 817 4116 audit
840 4051 858 4133 ἡ
882 4056 994 4117 τούτων
1019 4060 1073 4127 (sc.
1098 4065 1157 4115 τῶν
1176 4060 1281 4135 κενῶν)
1302 4053 1418 4132 ταραχή,
1436 4066 1486 4112 nec

326 4171 413 4230 recte
436 4171 608 4242 quisquam
633 4170 698 4229 iam
724 4170 776 4229 hic
800 4167 919 4228 ἀδικίαν
943 4170 1072 4232 definiri.
1092 4171 1272 4245 contendet,
1293 4185 1367 4230 cum
1388 4165 1485 4242 pateat

327 4282 522 4358 δικαιοσύνην
553 4285 586 4342 et
617 4279 736 4341 ἀδικίαν
769 4299 840 4342 esse
875 4284 1019 4344 actiones
1049 4283 1199 4359 internas,
1234 4281 1353 4361 κράξας
1386 4283 1484 4342 autem

360 4558 380 4625 ¹)
397 4563 508 4609 Annotat
525 4562 628 4620 Madvig
655 4563 746 4620 „Latet
769 4567 855 4610 autem
874 4565 964 4624 opinor
982 4566 1122 4624 appellatio
1139 4565 1260 4624 imaginis
1277 4578 1291 4610 e
1309 4565 1395 4612 fabula
1412 4561 1486 4622 aliqua

326 4641 417 4688 ductam
436 4637 517 4703 (volut
533 4641 590 4693 Διδς
607 4639 759 4702 κιλαινεφὲς);
778 4643 823 4688 sod
840 4643 903 4690 nihil
921 4644 1054 4703 probabile
1074 4644 1215 4708 extundere
1233 4643 1363 4704 possum.”
