3278 5098
872 321 914 379 64

486 507 648 588 σκορόδων,
670 507 774 586 ἐλαῶν,
795 509 957 588 κρομμύων
980 507 1012 569 ἐν
1036 509 1166 582 δικτύοις

486 621 650 700 στεφάνων,
672 619 830 702 τριχιδίων,
852 621 1048 701 αὐλητρίδων,
1069 621 1217 684 ὑπωπίων
1239 627 1298 684 κτί..

354 736 558 798 Stallbaumii
593 738 775 798 emendatio
810 734 860 796 καί
890 733 971 815 ἕτερα
1001 734 1137 814 πέμματα
1170 739 1345 800 admodum
1379 739 1487 813 friget.

308 850 378 910 Non
411 851 496 911 male
527 851 599 912 Ast.
630 856 663 912 et
693 852 773 913 Bkk.
805 851 921 912 Veneti
955 853 984 909 11
1014 852 1186 913 lectionem
1223 849 1342 922 <ταί>
1379 849 1489 912 ἕκαστα

309 966 497 1038 receperunt
530 959 608 1046 (,‚Et
640 965 769 1038 quidem
800 965 929 1038 singula
962 966 1102 1026 istorum
1133 966 1214 1025 varii
1243 964 1419 1044 generis’).
1447 999 1487 1010 -

308 1078 414 1139 Verba
447 1075 497 1137 καί
531 1076 585 1155 τὴν
617 1077 777 1155 ποικιλίαν,
807 1094 889 1152 quae
920 1079 992 1140 Par.
1024 1080 1053 1141 A
1084 1095 1160 1155 om,
1185 1080 1348 1141 eiecerunt
1372 1081 1487 1142 Herm.

308 1194 391 1254 Bait.
416 1192 609 1254 Schmeizer.
634 1194 678 1253 At
697 1195 783 1254 recte
803 1193 976 1254 Schneider
996 1196 1029 1255 et
1050 1192 1180 1268 campe.
1203 1194 1300 1254 verba
1312 1197 1490 1255 servarunt

308 1322 471 1367 memores
501 1308 685 1368 crebrarum
717 1307 854 1368 Parisini
884 1309 913 1367 A
944 1309 1062 1369 codicis
1094 1309 1321 1369 omissionum.
1345 1307 1490 1367 Ποικιίία

307 1421 499 1495 praesertim
529 1422 567 1481 de
599 1423 668 1482 arte
700 1437 760 1482 acu
789 1421 941 1496 pingendi
970 1422 1179 1497 intelligenda
1211 1425 1272 1498 est,
1296 1422 1336 1483 ci.
1361 1437 1412 1484 ex.
1438 1438 1488 1496 gr.

257 1522 286 1587 Β
309 1534 447 1609 Ruthyp.
481 1537 500 1595 6
530 1535 556 1594 B
580 1533 613 1610 0,
638 1534 715 1609 Rep.
740 1535 802 1595 401
829 1537 867 1597 Α.
893 1526 913 1618 ΙΙ
937 1536 965 1596 J.
989 1535 1121 1596 Richter
1145 1532 1263 1613 (Fleck.
1287 1535 1358 1598 Jbb.
1387 1535 1489 1613 1867)

309 1650 347 1710 ci.
372 1647 490 1725 μείζονα
511 1648 651 1726 τοιαύτην
672 1646 710 1727 (S.
731 1649 854 1726 ταύτην)
873 1649 928 1727 τὴν
948 1648 1046 1725 πόλιν,
1064 1651 1175 1712 Heller
1195 1648 1280 1727 (Gur.
1295 1649 1371 1711 Orii.
1385 1665 1415 1724 p.
1430 1649 1488 1727 33)

308 1764 419 1823 autern
442 1762 626 1835 requirebat
649 1761 768 1838 μείζονί
788 1783 816 1822 τε
836 1760 931 1839 αὐτὴν
951 1760 1005 1840 τὴν
1025 1762 1112 1822 τιόίιν
1124 1767 1184 1841 ντί,
1196 1766 1330 1836 uterque
1342 1763 1491 1837 graviter

306 1875 427 1950 lapsus
452 1866 500 1934 Αύ
518 1877 739 1936 necessarium
761 1879 867 1936 estut
887 1877 1036 1938 Socrates
1054 1878 1197 1939 declaret
1207 1891 1292 1938 nova
1303 1877 1490 1939 coerctione

307 2004 388 2064 opus
411 2005 493 2066 esse,
520 1991 626 2052 verbis
648 1992 759 2051 autem
782 1988 837 2066 τὴν
860 1989 947 2049 πόλιν
973 2006 1049 2051 vera
1073 1993 1106 2052 et
1132 2007 1213 2053 sana
1236 1991 1363 2066 civitas,
1385 2003 1489 2062 quam

309 2104 403 2164 modo
431 2104 638 2165 condiderant
662 2103 713 2180 (cf.
739 2102 762 2164 0
785 2100 816 2162 ἐν
841 2113 874 2187 τῇ
898 2101 1025 2187 προτέρᾳ
1048 2102 1154 2182 πόλει),
1179 2105 1349 2165 indicatur.
1374 2101 1491 2163 Obiter

306 2218 428 2291 corrige
459 2217 545 2293 μείζω
576 2233 632 2291 pro
663 2216 789 2293 μείζονα.
822 2252 862 2258 -
897 2218 943 2278 De
973 2219 1040 2278 illie
1071 2222 1231 2296 θηρευταῑς
1264 2218 1300 2278 0.
1332 2216 1506 2284 ΒιιυοοΙοτΙ
1622 2227 1623 2242 ³

307 2330 426 2408 (Fleck.
450 2332 521 2392 Jbb.
549 2331 632 2391 1881
653 2331 704 2391 bd.
728 2333 802 2407 123)
823 2333 972 2405 perdocte
993 2332 1172 2406 disputavit
1192 2331 1386 2392 vocabulum
1406 2329 1491 2390 illud

307 2445 433 2521 proprio
456 2460 555 2505 sensu
577 2444 798 2518 accipiendum
820 2459 892 2504 esee
911 2459 1058 2506 monens
1076 2445 1190 2506 Aetius
1203 2446 1291 2506 enim
1304 2460 1360 2518 per
1371 2442 1492 2514 πάντας

308 2559 525 2635 metaphorice
555 2559 655 2619 etiam
688 2559 851 2633 sophistae
874 2559 1036 2634 designari
1059 2560 1203 2635 putabat,
1228 2559 1283 2631 qui
1306 2574 1356 2634 ap.
1381 2556 1490 2618 Plato·

306 2688 382 2734 nem
407 2669 513 2750 (Soph.
539 2673 600 2732 231
626 2669 664 2748 D)
685 2667 761 2731 νέων
780 2669 830 2730 καὶ
848 2671 999 2732 πλουσίων
1018 2670 1159 2750 ἔμμισθοι
1177 2669 1324 2751 θηρευταὶ
1336 2673 1489 2734 audiunt.

305 2787 405 2846 Recte
429 2786 540 2849 Stallb.
565 2786 737 2845 venatores
760 2786 852 2845 cuius
876 2779 960 2846 libet
975 2786 1104 2859 generis
1128 2786 1290 2862 inteiligit,
1315 2801 1379 2846 non
1405 2788 1491 2848 mul-

306 2898 454 2959 titudinis
484 2899 624 2972 gratiam
656 2913 694 2958 ac
724 2899 938 2975 dominatum,
971 2899 1027 2959 sed
1059 2900 1182 2961 bestias
1207 2901 1372 2971 venantes.
1402 2899 1491 2960 Non·

306 3011 396 3072 nulla
417 3013 607 3071 venatorum
627 3026 745 3086 genera
764 3013 797 3072 in
819 3013 957 3087 Legibus
976 3013 1091 3084 (8231)
1111 3014 1176 3074 824
1189 3014 1225 3083 Β)
1242 3016 1490 3075 enumerantur.

308 3124 526 3198 Gampbellius
545 3140 670 3198 quoque
691 3127 916 3200 metaphoram
933 3128 1079 3188 huonon
1097 3127 1252 3188 admittit.
1268 3126 1382 3187 -Per
1395 3149 1491 3204 μιμνμ

305 3235 356 3309 τὰς
379 3234 503 3316 περὶτὰ
527 3237 658 3316 σχήματά
681 3259 711 3298 τε
733 3236 783 3297 καὶ
805 3215 942 3316 χρώματα
967 3239 1097 3314 Campb.
1123 3243 1209 3301 recte
1236 3239 1390 3314 inteiligit
1413 3243 1491 3301 iam

305 3353 486 3427 sculptores
517 3348 717 3430 (statuarios)
744 3353 1024 3428 οωιωρ1ο1οτοε;
1049 3353 1203 3413 Benseler
1227 3349 1260 3430 (l.
1285 3348 1319 3428 l.)
1343 3351 1491 3425 pictores

305 3467 434 3527 tantum
468 3466 605 3540 intelligi
643 3466 715 3526 vuli
748 3469 877 3541 propior
909 3468 971 3527 601
1004 3468 1033 3527 A
1064 3462 1081 3525 ὁ
1113 3464 1266 3545 ζωγράφος
1302 3463 1491 3542 σκυτοτόμον
1619 3441 1620 3470 ss

304 3579 420 3657 ποιήσει
434 3624 441 3641 .
455 3625 461 3638 .
475 3625 481 3638 .
496 3624 501 3637 .
520 3583 580 3651 τοῖς
601 3577 641 3656 μὴ
661 3576 816 3639 ἐπαΐουσιν
830 3576 887 3658 (sc.
900 3576 967 3656 περί
980 3575 1196 3656 σκυτοτομίας),
1209 3575 1310 3637 ἐκτῶν
1322 3577 1491 3656 χρωμάτων

305 3689 337 3753 δὲ
368 3690 418 3752 καί
448 3692 604 3772 σχημάτων
635 3697 812 3770 θεωροῦσιν,
849 3693 978 3769 „iarben
1010 3694 1075 3753 und
1106 3691 1279 3752 umrisse.”
1303 3691 1369 3764 ligo
1394 3707 1492 3753 omne

304 3823 402 3882 ρονιιιι
434 3809 635 3882 sculptorum
670 3810 702 3868 et
736 3808 897 3882 pictorum
929 3804 980 3885 (ef.
1013 3807 1079 3867 420
1110 3803 1144 3884 O)
1173 3805 1327 3879 intellige.
1350 3806 1391 3865 In
1415 3809 1489 3868 cod.

252 3919 283 3986 1)
306 3920 386 3982 Ven.
411 3923 421 3980 1
441 3921 481 3982 ad
501 3919 640 4005 ῥαψῳδοί
657 3921 743 3980 idem
763 3921 907 3981 scholion
927 3920 1055 3996 iegitur,
1076 3920 1160 3993 quod
1180 3920 1221 3980 ad
1240 3919 1308 3980 Ion.
1330 3919 1397 3979 530
1408 3921 1451 3981 A.
1469 3913 1487 4000 il

304 4033 404 4095 Recte
439 4034 577 4096 debetur
612 4032 769 4111 (nonnulli
801 4035 889 4096 codd.
921 4032 1001 4113 χρεία
1034 4029 1198 4110 exhibent)
1230 4033 1371 4093 correxit
1402 4033 1490 4115 χρείᾳ

304 4163 360 4222 pro
391 4148 597 4227 χρείαιςοοΙΙ.
621 4149 687 4208 410
711 4149 749 4223 Α,
774 4149 837 4209 aei
851 4150 889 4209 A.
917 4146 1082 4221 Gampbell
1104 4145 1212 4225 χρείαις
1237 4145 1381 4206 defendit
1406 4160 1489 4207 voce

305 4261 453 4334 εὐπετείας
488 4263 520 4323 in
557 4264 621 4324 364
652 4261 675 4323 O
705 4258 795 4339 (legit
823 4237 911 4323 enim
942 4259 1019 4341 πέρι,
1049 4277 1114 4322 non
1139 4259 1228 4339 περί).
1253 4260 1419 4321 Litterae
1445 4277 1488 4322 ex

304 4378 520 4453 dittographia
546 4379 625 4437 nata
648 4379 700 4437 eet
728 4373 1116 4454 (ΧΡΕΙΑΙΕΟΟΜΕΘΑ).
1143 4372 1278 4436 --Pari
1303 4366 1346 4435 ii1
1373 4376 1487 4437 lectio·

304 4507 381 4554 nem
404 4489 423 4570 ἢ
446 4500 509 4563 τως
534 4488 662 4571 λέγωμεν
687 4494 877 4567 receperunt
900 4493 962 4553 soii
984 4493 1067 4552 Bait.
1091 4493 1125 4552 et
1148 4490 1279 4566 Gampb.
1303 4505 1380 4552 cum
1403 4491 1486 4553 Bek-

304 4607 391 4666 kero.
423 4606 622 4667 indicativus
653 4608 704 4668 est
735 4607 973 4682 interrogantis,
1006 4605 1231 4667 coniunctivus
1260 4603 1485 4669 deliberantis.
