3260 5098
710 318 753 378 85

143 502 325 577 adscripsit.
346 497 473 562 Ἐλάττα
498 505 583 565 idem
609 521 680 566 esee
705 507 802 580 atque
825 499 913 585 ἧττον
932 510 1022 571 locus
1041 511 1073 569 in
1094 510 1187 583 Gorg.
1209 495 1272 572 512
1294 515 1319 573 Β

141 615 246 676 lucide
267 617 478 687 demonstrat.
500 618 545 678 Ut
563 622 698 679 πλεῖστον
718 622 751 681 et
771 618 920 700 ἐλάχιστον
938 639 1168 697 nonnunquam
1188 626 1317 686 adverb.

141 729 213 789 loco
243 730 443 807 adhibentur,
476 731 523 791 sic
554 729 660 792 ἐλάττω
684 734 835 795 ε1ττλείω.
859 737 974 797 Aetius
994 738 1026 798 et
1049 736 1196 798 Schneid.
1218 741 1317 799 verte·

141 845 218 902 runt
240 843 363 918 „rarius
383 860 459 904 vero
481 846 513 905 et
530 845 672 923 minue'’,
685 847 782 924 male,
795 864 869 909 cum
884 848 1006 926 μάλιστα
1020 849 1127 910 valeat
1142 853 1317 929 „maxima

140 957 382 1035 potissimum”,
406 975 470 1020 ιιοιι
497 961 719 1038 „saepissime
743 963 975 1037 permultum.”
1000 963 1102 1023 Erunt
1120 965 1242 1041 tamen,
1263 967 1318 1039 qui

141 1073 194 1132 bio
224 1080 321 1150 σχῆμα
353 1070 384 1133 ἐκ
415 1075 604 1153 παραλλήλου
637 1078 818 1139 adhibitum
850 1095 922 1139 esee
950 1079 1093 1139 dicentes
1117 1078 1198 1138 mihi
1220 1077 1317 1139 fldem

142 1186 355 1247 abiudicaturi
382 1189 458 1265 sint,
482 1190 575 1263 quasi
598 1206 662 1251 non
689 1192 836 1252 maxima
859 1192 1018 1253 eiusmodi
1032 1164 1218 1252 dictionum
1242 1207 1317 1266 pars

141 1299 284 1360 librariis
306 1303 339 1361 et
361 1303 471 1363 sciolis
494 1304 659 1366 debeatur.

22 1421 67 1478 391
93 1416 120 1482 A
189 1414 393 1488 Optimorum
417 1417 504 1478 codd.
529 1419 603 1479 leot.
628 1422 739 1496 μᾶλλον
764 1418 933 1499 διηγήσεται
957 1421 1025 1480 iure
1046 1437 1066 1480 a
1085 1419 1317 1480 recentioribus

141 1527 233 1588 editt.
258 1528 439 1604 improbata
462 1532 523 1608 eet,
547 1531 623 1605 quia
652 1547 726 1592 cum
752 1533 957 1594 conclusione
981 1533 1014 1592 in
1037 1534 1063 1592 B
1087 1533 1129 1593 in.
1155 1529 1215 1602 (καὶ
1238 1529 1317 1591 ἔσται

142 1638 180 1717 δὴ
204 1636 223 1717 ἡ
247 1641 353 1702 τούτου
377 1639 499 1716 λέξις...
523 1641 542 1723 ἢ
565 1644 689 1723 σμικρόν
714 1668 741 1705 τι
766 1644 928 1724 διηγήσεως
948 1643 1065 1723 ἔχουσα)
1085 1647 1216 1720 pugnat.
1235 1644 1316 1705 Cum

142 1755 231 1816 enim
262 1771 326 1816 non
355 1757 497 1832 amplius
527 1759 566 1819 de
596 1758 692 1838 λόγων
724 1762 925 1848 argumente,
945 1760 1007 1821 sed
1031 1760 1069 1820 de
1092 1756 1188 1837 λόγων
1211 1759 1316 1818 forma

142 1869 325 1946 ammonit,
346 1870 439 1930 unice
452 1886 528 1931 vera
549 1872 600 1932 est
618 1871 706 1932 varia
726 1873 799 1934 lect.
821 1871 976 1950 μιμήσεται
996 1888 1015 1932 a
1036 1871 1181 1934 Schneid.
1203 1855 1313 1931 Herm.

142 1982 302 2043 Sohmelc.
326 1985 464 2058 recepta.
489 1985 572 2045 Illud
592 1988 703 2063 μᾶλλον
723 1986 763 2046 ad
782 1988 978 2061 praecedens
999 1983 1058 2068 ὅσῳ
1077 1981 1114 2043 λα
1135 1982 1315 2062 φαυλότερος

143 2089 162 2180 ᾖ
187 2097 390 2159 referendum
415 2100 475 2175 est,
503 2099 549 2160 ita
576 2101 613 2160 ut
638 2100 678 2176 is,
702 2100 756 2172 qui
780 2100 889 2160 minue
912 2100 986 2160 vilis
1009 2100 1062 2174 sit,
1088 2099 1196 2160 minus
1219 2097 1316 2156 πάντα

142 2211 332 2272 imitaturus
355 2212 409 2288 sit,
433 2213 488 2285 qui
511 2215 623 2273 autem
647 2214 762 2290 magis,
786 2214 901 2287 magis.
927 2213 1016 2290 Quod
1036 2229 1099 2273 non
1119 2212 1316 2287 perspiciens

141 2323 323 2399 Madvigius
349 2327 447 2400 (prob.
472 2327 555 2387 Bait.
581 2326 711 2402 Gampb.
740 2327 871 2388 Hellero
895 2326 966 2387 Cur.
992 2326 1061 2387 orit.
1089 2325 1203 2396 14111.
1228 2324 1316 2402 μιμή-

141 2453 222 2496 σεται
245 2433 264 2515 ἢ
289 2438 466 2518 διηγήσεται.
491 2440 696 2516 Quamquam
721 2442 800 2502 haec
820 2437 854 2501 ι*ι
873 2456 1005 2516 prorsus
1024 2439 1235 2515 improbanda
1254 2440 1315 2514 est,

141 2555 253 2613 tamen
286 2553 325 2613 ad
349 2553 458 2614 mendi
481 2554 639 2627 originem
662 2555 868 2616 indicandam
892 2554 983 2614 utilis
1008 2556 1075 2614 eet:
1100 2552 1316 2626 adscripscrat

142 2666 260 2740 aliquis
291 2667 330 2727 ad
344 2653 508 2744 ’μιμήσεται
532 2668 631 2728 verba
654 2664 673 2746 λλ
698 2667 868 2747 διηγήσεται
892 2667 1005 2728 eodem
1029 2667 1124 2728 modo
1147 2681 1209 2740 quo
1233 2666 1314 2726 Mad·

143 2780 250 2853 vigius
280 2796 402 2857 errans,
426 2796 499 2860 quo
517 2781 639 2842 iactum
664 2784 715 2842 est
738 2783 775 2842 ut
798 2781 921 2841 librarii
943 2782 1006 2842 rati
1029 2780 1100 2840 vam
1124 2781 1148 2840 L
1172 2795 1207 2840 se
1231 2780 1316 2839 inve·

141 2894 231 2954 nisse
262 2894 589 2968 interpretamentum
620 2896 653 2955 in
677 2896 836 2969 genuinae
861 2895 1010 2956 lectionis
1033 2894 1140 2955 locum
1164 2893 1317 2954 substitu-

88 3008 235 3080 Berint.
272 3007 382 3068 Obiter
412 3009 534 3082 corrige
566 3006 662 3085 νὐαδὴ
693 3010 714 3069 1.
748 3025 775 3069 e.
808 3000 1001 3092 1111111111
1033 3009 1131 3068 verba
1160 3004 1233 3083 πρὸς
1263 3003 1319 3083 τὴν

141 3117 236 3198 αὐτὴν
267 3117 383 3200 (λέγειν)
415 3122 485 3181 sine
518 3123 612 3182 dubio
644 3118 733 3199 λέξιν,
763 3137 827 3182 non
855 3120 976 3201 χορδήν,
998 3122 1034 3181 ui
1059 3119 1188 3193 Gampb.
1213 3120 1317 3194 11111111,

141 3238 251 3297 mente
283 3235 507 3310 supplendum.
541 3236 610 3295 Dici
634 3236 764 3309 quidem
788 3237 896 3310 potest
916 3233 990 3313 πρὸς
1012 3231 1066 3311 τὴν
1090 3229 1185 3309 αὐτὴν
1209 3229 1320 3310 χορδὴν

141 3349 224 3433 ᾅδειν
256 3350 307 3410 vel
338 3345 499 3428 ὀρχεῖσθαι,
531 3353 565 3410 at
596 3351 668 3410 tum
699 3366 773 3426 non,
802 3351 919 3425 hercle,
944 3363 1024 3423 opus
1048 3348 1099 3408 est
1122 3348 1159 3406 ut
1182 3347 1319 3407 addatur

141 3461 173 3523 ἐν
204 3473 257 3548 μιᾷ
287 3458 425 3546 ἁρμονίᾳ,
455 3463 548 3537 quasi
573 3462 733 3540 μονοτονία
756 3464 876 3524 variari
900 3463 1012 3536 possit.
1040 3457 1121 3539 Πρὸς
1145 3457 1200 3536 τὴν
1225 3457 1320 3536 αὐτὴν

141 3575 218 3650 λε’ξια
248 3575 342 3657 λέγειν
374 3576 535 3651 significat
565 3574 652 3653 λέξιν,
684 3592 747 3650 qua
770 3578 861 3638 initio
888 3577 1001 3651 utaris,
1030 3589 1132 3648 usque
1156 3574 1195 3634 ad
1220 3571 1320 3632 finem

142 3708 282 3754 servare.
314 3692 433 3752 Deinde
466 3691 551 3751 male
583 3691 695 3766 Stepb.
721 3693 754 3751 et
779 3691 893 3750 Aetius
918 3706 935 3750 e
958 3689 1069 3764 paucis
1093 3687 1182 3747 codd.
1207 3683 1257 3744 ααλ
1282 3683 1319 3762 δὴ

142 3803 191 3865 καὶ
223 3802 255 3864 ἐν
285 3803 309 3884 p.
343 3818 401 3879 pro
430 3800 481 3862 καλ
512 3801 549 3880 δὴ
582 3801 613 3863 ἐν
645 3803 670 3883 p.
702 3805 889 3879 ediderunt;
922 3800 959 3879 δὴ
986 3803 1038 3864 hic
1060 3802 1147 3862 idem
1173 3799 1260 3861 valet
1283 3814 1321 3859 ao

94 3917 119 3985 0
148 3919 335 3995 „denique”
361 3909 380 4000 ΙΙ
404 3917 555 3978 Fortasse
584 3917 807 3991 corrigendum
832 3915 940 4000 κομιδῇ
965 3912 1018 3992 μὲν
1042 3907 1108 3992 οὖν,
1131 3912 1189 3991 ἔφη
1215 3911 1320 3984 [οὕτως

142 4030 220 4111 ipat
253 4033 290 4092 In
321 4031 339 4101 5
370 4030 429 4090 ult.
461 4033 548 4092 certo
580 4032 690 4105 spuria
721 4032 798 4090 sunt
823 4032 920 4092 verba
943 4030 1037 4102 οὕτως
1061 4028 1127 4108 ἔχει,
1149 4044 1224 4089 cum
1248 4028 1321 4101 post

141 4167 174 4226 pe
204 4146 299 4220 plane
331 4144 480 4217 frigeant.
514 4146 587 4206 Mox
621 4145 778 4206 Richards
805 4143 917 4214 (Glaes.
944 4145 1023 4206 Rev.
1052 4145 1145 4213 1893)
1170 4142 1318 4202 11τταντ.

143 4255 260 4337 μορφὰς
295 4254 398 4323 <ἕιι>
433 4265 492 4317 τῶν
523 4259 703 4336 μεταβολῶν,
734 4258 810 4332 quia
841 4258 996 4318 inusitate
1027 4254 1144 4336 μορφὰς
1176 4270 1232 4330 pro
1255 4251 1320 4338 εἴδη

144 4375 282 4446 (genera)
314 4371 451 4447 scriptor
483 4372 610 4433 dixerit.
642 4371 682 4431 Et
717 4371 798 4432 mihi
828 4371 962 4444 vulgata
997 4371 1146 4445 corrupta
1181 4369 1320 4444 videtur,

145 4485 201 4546 sed
225 4485 331 4559 magis
353 4485 532 4545 tolerabilis
553 4500 652 4558 quam
671 4484 852 4546 Richardsii
872 4479 915 4559 0¹²,
936 4499 1000 4557 qua
1020 4484 1149 4558 recepta
1170 4482 1268 4542 verba
1289 4479 1320 4539 ἐκ

144 4606 202 4657 τῶν
232 4599 331 4677 μεταβ.
363 4613 495 4673 prorsus
527 4599 701 4660 abundant.
727 4598 868 4658 Delenda
891 4611 1007 4657 censeo
1031 4596 1128 4656 verba
1150 4601 1209 4654 τῶν
1232 4615 1318 4671 μετα-
