3278 5098
841 343 884 403 42

275 523 342 604 [μετ’
369 526 527 607 άάλήίων],
542 533 585 591 'ut
607 531 640 590 in
660 528 681 607 ξ
701 530 723 591 G
743 529 870 604 legitur.
891 531 929 592 In
949 531 1012 592 352
1034 531 1061 592 Β
1079 523 1135 606 μετ’
1150 526 1284 606 &Attilam
1296 529 1451 604 legimus,

272 640 305 700 in
338 643 403 704 352
436 642 459 704 G
489 659 564 704 cum
600 644 763 704 nonnullis
786 644 875 706 codd.
899 637 956 720 μετ’
982 640 1116 720 metuo
1140 645 1249 726 [κοινῇ]
1274 643 1450 716 legendum

273 759 317 828 (in
347 755 471 830 aliquot
501 756 590 817 codd.
623 758 657 818 et
678 751 735 833 μετ’
761 753 895 834 ἀλλήλοιν
918 756 1028 835 ιτμάξαι
1048 765 1137 839 ιιοινῇ
1160 757 1341 832 inventum,
1364 771 1449 829 quae

273 871 507 944 discrepantiae
540 873 681 944 arguunt
710 879 797 954 κοινῇ
829 871 1009 934 insiticium
1031 873 1124 940 esset
1149 870 1254 946 Quare
1277 870 1375 931 verbe
1395 866 1449 930 ιιι)

272 983 429 1060 μισήσουσι
452 986 588 1046 delenda
610 984 687 1060 sint,
710 986 751 1046 ad
775 986 839 1046 352
863 986 892 1045 Α
911 985 1066 1046 dicemus.
1088 1017 1129 1030 -
1151 987 1233 1046 Μῶν
1251 981 1293 1060 με)
1312 985 1363 1046 est
1381 989 1450 1059 μῶν
1559 1065 1561 1069 Ι

271 1096 413 1168 κίνδυνος
436 1095 476 1174 μὴ
505 1094 612 1157 άττολεῑ
630 1101 689 1158 nrt.

126 1209 190 1268 352
217 1205 248 1272 A
315 1210 421 1272 Verba
461 1207 511 1270 ια)
545 1206 741 1289 διαφέρεσθαι
775 1213 1112 1287 (interpretamentum
1148 1212 1235 1274 vocis
1269 1209 1449 1282 στασιάζειν)

272 1325 407 1386 delenda
430 1326 524 1399 sunt;
551 1325 652 1386 etiam
676 1327 740 1386 603
764 1326 790 1385 D
813 1327 857 1388 in.
879 1329 953 1401 post
976 1323 1123 1397 ἐστασίαζε
1147 1325 1239 1388 futile
1259 1325 1447 1400 interpreta-

272 1440 420 1500 mentum
455 1439 594 1514 irrepsit,
629 1423 705 1500 nam
739 1439 837 1499 verba
864 1436 915 1498 καί
946 1437 1081 1510 ἐναντίας
1112 1430 1187 1517 εἶχεν
1299 1435 1366 1516 περὶ
1387 1446 1448 1498 τῶν

270 1548 370 1610 αὐτῶν
404 1552 513 1627 spuria
546 1555 633 1612 sunt.
666 1553 743 1612 Post
775 1551 948 1629 στασιάζειν,
978 1556 1087 1628 νοσεῖν,
1116 1551 1264 1630 μάχεσθαι
1287 1551 1448 1612 eiusmodi

270 1665 401 1726 tantum
432 1667 530 1726 verba
560 1666 637 1725 ferri
668 1667 816 1741 possunt,
846 1681 931 1739 quae
950 1667 982 1726 et
1006 1665 1078 1740 lpse
1101 1665 1279 1738 imaginem
1302 1664 1445 1738 aliquam

270 1779 456 1840 contineant
470 1771 510 1855 ¹);
538 1778 647 1840 confer
671 1781 736 1841 603
760 1779 786 1838 D
809 1777 954 1851 στασιάζει
976 1799 1006 1838 τε
1028 1775 1079 1838 καὶ
1101 1775 1222 1856 μάχεται
1245 1775 1334 1849 αὐτὸς
1356 1775 1452 1860 αὐτῷ,

272 1892 337 1952 556
367 1891 392 1950 Ε
414 1896 501 1951 νοσεῖ
518 1913 548 1951 τε
571 1890 622 1951 act
645 1891 766 1970 μάχεται
787 1889 863 1969 αάτὴ
887 1889 986 1975 ἑαυτῇ.
1011 1892 1124 1954 Solum
1148 1891 1311 1963 στασιάζειν
1334 1893 1448 1952 nostro

270 2005 340 2065 loco
363 2002 493 2080 sufficit,
517 2007 556 2066 ut
577 2006 611 2066 in
631 2007 695 2066 556
714 2005 740 2066 E
760 2003 914 2078 (στασιάζει
933 2003 1007 2065 αὐτὸ
1025 2002 1144 2088 ἑαυτῷ).
1165 2005 1316 2066 Fortasse
1329 2004 1449 2077 aliquis

270 2134 325 2178 me
347 2118 582 2180 emblematum
600 2117 753 2197 θηρευτὴν
772 2120 962 2196 nominabit,
983 2121 1017 2180 at
1038 2120 1110 2180 vide
1130 2119 1200 2194 ipso
1219 2119 1354 2182 Platone
1366 2118 1448 2180 duce

270 2231 346 2305 quid
377 2232 583 2294 scribendum
610 2234 664 2306 sit,
687 2233 763 2306 quid
787 2248 861 2294 non.
885 2235 923 2293 In
947 2235 1009 2296 351
1035 2234 1062 2294 D
1086 2234 1227 2307 legimus
1249 2231 1362 2303 στάσεις
1385 2229 1448 2303 (ιτα)

270 2343 377 2423 μάχας)
392 2341 443 2404 tel
461 2344 532 2422 μίση
552 2347 591 2406 ab
611 2346 772 2407 iniustitia
790 2347 959 2423 procreari,
979 2347 1067 2407 idem
1086 2348 1120 2406 in
1142 2349 1204 2408 351
1226 2347 1252 2408 Ι)
1272 2348 1331 2408 ult.
1348 2349 1446 2423 μισεῖν

270 2455 320 2518 καί
348 2457 521 2531 στασιάζειν.
551 2461 589 2520 In
621 2461 682 2522 351
715 2460 740 2520 Ε
771 2475 827 2534 pro
852 2459 1016 2532 στασιάζειν
1039 2461 1169 2535 scripsit
1192 2459 1363 2536 διοίσονται,
1386 2475 1445 2534 pro

270 2575 366 2649 μισεῖν
394 2575 506 2634 autem
537 2570 640 2652 ἐχθροί
667 2571 792 2633 ἔσονται.
815 2573 932 2634 Nullus
956 2574 1055 2648 igitur
1077 2574 1167 2635 locus
1191 2576 1242 2634 est
1267 2573 1372 2636 verbis
1394 2569 1447 2632 ιιιά

270 2685 437 2764 μισήσουσι,
467 2703 550 2762 quae
580 2704 679 2763 supra
711 2705 728 2750 e
751 2691 846 2750 textu
870 2689 959 2750 eieci.
984 2687 1065 2750 Oum
1089 2690 1222 2750 veroin
1247 2689 1310 2750 351
1335 2688 1361 2747 Ι)
1386 2689 1446 2749 ult.

270 2799 434 2872 στασιάζειν
467 2802 574 2862 solum
607 2803 751 2876 posuerit
780 2803 867 2876 (quia
898 2801 1061 2874 στασιάζειν
1092 2805 1126 2863 et
1155 2799 1351 2881 (impteretur
1381 2816 1446 2864 non

271 2913 474 2990 discrepant),
503 2931 561 2974 cur
583 2916 615 2975 in
640 2896 756 2975 35211
781 2917 877 2977 verbo
901 2915 1064 2987 στασιάζειν
1087 2917 1318 2990 isodynamum
1341 2912 1445 2992 διαφέ-

270 3031 377 3106 ρεσθαι
400 3028 645 3088 subiunxisset‘?
669 3028 744 3089 Tria
769 3030 865 3090 verba
888 3044 970 3102 ques
991 3029 1024 3089 in
1045 3030 1107 3090 351
1129 3029 1327 3103 D'leguntur
1343 3032 1449 3105 μισεῖν,

269 3140 442 3218 στασιάζειν,
474 3139 642 3214 ἀδυνάτους
676 3142 824 3220 πράττειν,
859 3143 1020 3204 iterantur
1051 3144 1085 3204 in
1122 3145 1186 3203 352
1220 3130 1250 3203 A'
1286 3140 1447 3214 (ἀδύνατον

257 3253 414 3334 ταράττειν,
448 3255 621 3331 στασιάζειν,
653 3254 762 3335 ἐχθρὸν
796 3248 874 3316 εἶναι
907 3257 928 3317 i.
960 3273 988 3318 θ.
1020 3260 1137 3334 μισεῖν).
1173 3291 1211 3302 -
1244 3258 1318 3318 Mox
1349 3258 1449 3319 verba

268 3365 319 3428 ιιι)
349 3377 388 3450 τῷ
419 3367 523 3453 δικαίῳ
547 3371 629 3447 dele,
653 3385 717 3430 non
742 3372 837 3432 modo
860 3371 937 3444 quia
959 3373 1034 3445 poet
1056 3367 1146 3432 ταυτὶ
1168 3370 1249 3430 nihil
1272 3371 1448 3432 desiderari

268 3483 385 3559 potest,
418 3483 476 3543 sed
507 3484 583 3555 quia
600 3483 692 3544 ¹illud
723 3481 796 3544 αὐτὸ
820 3477 854 3566 (ᾧ
876 3478 914 3541 άν
938 3479 1038 3542 ἀδικία
1062 3479 1223 3561 ἐγγίνηται)
1247 3482 1372 3544 facturn
1396 3488 1449 3544 est

269 3594 384 3673 άδιιιον,
413 3598 461 3658 ita
488 3598 526 3656 ut
556 3599 594 3658 ad
627 3594 721 3678 ἐαυτῷ
752 3597 959 3670 cogitandum
992 3595 1036 3656 sit
1064 3593 1157 3679 άάίιιῳ
1190 3591 1252 3654 άντι
1286 3597 1320 3656 et
1351 3597 1385 3658 in
1408 3607 1449 3679 τῷ

268 3708 392 3794 ἐναντίῳ
420 3709 510 3770 παντί
543 3712 643 3771 etiam
675 3709 707 3770 τὸ
734 3710 851 3770 δίκαιον
876 3710 1088 3770 contineatur.
1113 3710 1151 3769 In
1177 3710 1239 3770 351
1264 3709 1289 3769 Ε
1312 3706 1450 3786 ἀλλήλοις

267 3843 297 3883 τε
319 3819 370 3881 ιια)
392 3827 452 3894 τοῖς
476 3822 600 3894 δικαίοις
624 3823 761 3898 dixerat,
781 3838 867 3883 nunc
886 3822 963 3899 (358
983 3823 1022 3893 Α)
1043 3838 1085 3883 ne
1103 3824 1206 3884 oratio
1226 3823 1450 3885 uniformitate

268 3938 416 4012 peccaret
445 3951 502 4011 pro
532 3945 572 4018 τῷ
604 3935 709 4019 δικαίῳ
741 3936 850 4010 posuit
880 3945 919 4018 τῷ
952 3933 1083 4019 ἐναντίῳ.
1107 3936 1297 3998 sexcenties
1320 3939 1394 4012 post
1416 3935 1449 3996 τι)

268 4047 403 4109 ἐναντίον
435 4047 480 4127 (in
507 4049 658 4110 omnibus
682 4047 778 4126 cass.)
802 4049 925 4109 librarii
947 4052 1079 4110 textum
1104 4050 1350 4126 interpolarent,
1375 4051 1449 4112 ride

270 4165 310 4226 ad
337 4147 410 4226 335
425 4165 461 4225 D.
482 4167 519 4225 In
544 4165 609 4225 389
634 4165 661 4224 D
683 4166 756 4239 post
779 4161 829 4223 καί
851 4157 1027 4223 τούναντίον
1052 4165 1150 4226 verba
1173 4161 1206 4222 τὸ
1230 4161 1270 4240 μὴ
1296 4161 1449 4242 ξυμφέρον

301 4391 321 4459 ¹)
344 4397 450 4455 Nequeo
472 4397 541 4444 enim
565 4397 675 4456 probare
699 4397 818 4446 Schanaii
835 4397 956 4456 (specim.
977 4393 1033 4444 orit.
1053 4393 1128 4461 1867)
1147 4396 1225 4444 verba
1245 4395 1353 4452 ..Graeci
1370 4409 1449 4456 saepe

268 4476 376 4524 verbnm
393 4474 547 4524 translatum
566 4479 593 4524 et
610 4477 744 4538 proprium
762 4476 944 4536 coniungunt.’¹
963 4476 1093 4524 —Verba
1110 4477 1136 4524 in
1153 4477 1168 4538 ᾖ
1185 4476 1233 4524 ult.
1250 4477 1289 4522 καὶ
1307 4477 1352 4534 οὐχ
1367 4475 1449 4533 άμοτο-

272 4560 343 4600 οάντα
368 4567 418 4600 σοσ
442 4555 530 4614 spuria
552 4557 620 4611 sunt,
643 4554 703 4614 qlria
727 4555 825 4603 Graece
843 4555 884 4602 bis
901 4554 970 4601 idem
988 4554 1073 4602 dicere
1092 4555 1161 4614 licet,
1178 4554 1254 4603 modo
1271 4554 1298 4600 id
1315 4553 1452 4613 quodiam

269 4633 368 4682 dictum
386 4636 426 4679 est
442 4634 478 4680 ite
495 4634 605 4683 iteretur
622 4636 652 4682 nt
668 4635 798 4682 indicetur
816 4648 865 4683 uon
883 4648 914 4683 σε
934 4634 998 4692 fleri,
1016 4647 1083 4696 qnae
1100 4635 1156 4684 fleri
1176 4636 1317 4694 oporteret.
