3260 5098
866 321 907 380 84

294 507 387 568 Astio
411 509 601 569 contendere
625 507 697 568 ὥστε
719 501 796 567 είναι
819 509 906 569 idem
930 505 1111 581 significare
1136 508 1219 580 quod
1244 513 1296 566 τού
1321 499 1405 566 εἶναι.
1434 505 1475 567 Τὸ

296 621 383 681 enim
407 617 623 702 ἀποτυγχάνειν
645 621 766 682 πάντων
790 621 889 683 efficit
911 620 943 682 τὸ
964 619 1011 699 μὴ
1032 618 1180 700 ἐλλόγιμος
1201 613 1287 698 εἶναι,
1305 637 1476 695 nunquam

296 730 328 791 τὸ
352 730 407 792 ἐλλ.
431 728 515 794 εἶναι.
1034 789 1036 792 .

152 839 215 898 395
246 833 275 901 A
343 847 454 910 Stallb.
487 851 595 921 (1858)
628 866 654 911 c.
686 851 841 927 Bekkero,
866 851 959 911 Aetio
983 847 1166 927 ἐπιτηδεύσει
1190 845 1220 908 τί
1242 871 1268 908 τι
1292 847 1352 926 ἀμα
1376 851 1476 923 dedit,

296 963 380 1034 quod
412 963 486 1024 ferri
514 965 631 1040 potest,
656 980 855 1038 quamquam
880 966 912 1024 et
935 964 1069 1038 vulgata
1088 979 1123 1024 se
1149 964 1228 1024 bene
1253 963 1359 1024 habet.
1384 964 1474 1025 Lect.

296 1070 424 1135 δύναιντ’
452 1073 490 1134 ἀν
513 1077 599 1138 male
619 1077 731 1138 Stallb.
755 1094 782 1138 e.
805 1079 921 1138 deterr.
942 1077 1105 1138 codicibus
1124 1077 1246 1151 recepit
1265 1092 1322 1151 pro
1342 1077 1476 1150 vulgato

297 1187 448 1249 δύνανται.
478 1223 514 1230 -
540 1191 618 1250 Mihi
643 1206 711 1252 voc.
736 1190 791 1250 δύο
812 1193 887 1251 ante
909 1188 1061 1268 μιμήματα
1081 1190 1227 1264 spurium
1250 1204 1322 1250 esse
1336 1189 1475 1265 videtur,

297 1304 372 1378 quia
403 1306 435 1364 in
467 1305 658 1365 universum
689 1306 769 1366 baec
799 1305 993 1381 dictasunt,
1018 1304 1127 1378 itaque
1152 1305 1262 1386 utrum
1287 1304 1326 1363 de
1349 1304 1476 1364 duobus

297 1434 338 1478 an
372 1419 411 1480 de
444 1419 589 1493 pluribus
624 1420 772 1479 imitandi
801 1420 972 1493 generibus
1004 1419 1184 1492 cogitemus
1215 1417 1296 1477 nihil
1327 1418 1474 1478 interest.

247 1525 271 1592 d
296 1532 387 1593 Plato
407 1533 477 1592 sine
497 1533 592 1594 dubio
612 1529 651 1592 τὼ
672 1532 813 1592 δοκούντε
834 1529 1013 1608 scripturus
1032 1532 1148 1592 tuerat.
1174 1523 1193 1614 ΙΙ
1218 1530 1347 1604 Optime
1359 1531 1477 1591 Aetius

295 1646 434 1705 correxit
456 1643 497 1705 τδ
520 1639 596 1704 εἶναι
619 1643 829 1706 ἀπολαύσωσιν
854 1650 919 1721 (pro
942 1653 995 1705 τοῦ
1019 1666 1041 1704 ε.
1065 1641 1116 1721 ἀ),
1141 1645 1224 1718 quod
1245 1644 1337 1704 unice
1357 1660 1476 1705 verum

295 1774 367 1820 esse
399 1760 450 1820 vel
481 1759 550 1820 sola
583 1760 752 1833 sequentia
785 1759 819 1818 αἱ
839 1758 992 1837 μιμήσεις.
1007 1805 1013 1817 .
1027 1805 1033 1817 .
1048 1805 1053 1816 .
1068 1757 1109 1829 είς
1133 1755 1190 1834 ἔθη
1214 1779 1243 1816 τε
1266 1755 1316 1816 καὶ
1342 1755 1480 1816 ΦῬΟΙΝ

293 1872 484 1932 καθίστανται
529 1874 763 1934 demonstrant.
813 1873 916 1935 (teteri
951 1873 1041 1934 editt.
1079 1869 1289 1930 ἀπολαύσωσιν
1324 1870 1474 1932 absolute

293 1987 436 2061 positum
471 2002 543 2047 esse
580 1987 690 2047 dicunt
725 2002 789 2047 non
820 1988 1009 2062 reputantes
1040 2001 1106 2062 ecs,
1139 1985 1194 2058 qui
1224 1991 1276 2043 τού
1310 1977 1385 2042 εἶναι
1416 1987 1474 2054 (sc.

294 2097 417 2178 αἰσχροὶ)
449 2097 668 2177 ἀπολαύσωσιν,
698 2102 765 2160 iam
793 2118 853 2162 esse
876 2101 1074 2176 turpitudine
1098 2100 1231 2175 defectos,
1253 2099 1337 2172 quod
1361 2098 1473 2172 ipsum

238 2207 269 2272 1)
294 2213 462 2273 vitandum
495 2229 568 2274 esse
598 2214 747 2276 Socrates
778 2217 899 2276 monet.
926 2206 945 2298 ΙΙ
970 2215 1117 2274 Pessime
1143 2215 1171 2275 J.
1198 2214 1330 2274 Richter
1353 2212 1473 2284 (Flecte.

292 2327 361 2387 Jbb.
397 2328 480 2389 1867
513 2328 563 2388 bd.
597 2329 649 2398 95)
681 2329 719 2389 ci.
752 2326 855 2404 φωνὰς
885 2304 935 2387 καὶ
962 2325 1149 2404 κατασκευὴν
1172 2324 1222 2386 κοιλ
1246 2327 1383 2387 διάνοιαν
1406 2342 1476 2387 non

291 2441 475 2514 intelligens
499 2442 551 2502 bic
575 2442 689 2516 opponi
709 2443 818 2502 animo
839 2458 965 2519 corpus,
985 2443 1095 2516 itaque
1115 2442 1255 2503 alterum
1275 2437 1349 2498 κατὰ
1362 2440 1475 2500 omitti

290 2570 354 2614 non
385 2570 490 2628 posse.
522 2556 593 2614 Iam
627 2555 738 2615 Stallb.
771 2556 879 2626 (1858)
912 2555 1048 2616 articulo
1071 2553 1125 2632 τὴν
1149 2555 1292 2615 offensus
1318 2569 1335 2614 e
1358 2553 1475 2628 paucis

291 2669 380 2728 codd.
405 2669 521 2728 deterr.
545 2668 615 2727 vam
641 2635 675 2728 L'
688 2665 762 2726 κατὰ
783 2667 920 2728 διάνοιαν
942 2669 1158 2742 recipiendam
1177 2667 1349 2742 iudicabat,
1372 2666 1474 2742 male,

292 2797 491 2855 quamquam
516 2783 550 2842 et
572 2783 653 2841 mibi
676 2782 766 2842 locus
787 2797 850 2842 non
870 2797 970 2842 sanus
991 2782 1127 2841 videtur.
1149 2770 1231 2842 Puto
1253 2776 1356 2856 φωνὰς
1376 2780 1475 2839 inter·

291 2895 427 2968 potatori
450 2895 567 2971 deberi,
592 2896 647 2969 qui
670 2896 840 2968 sequentia
869 2897 943 2966 (397
964 2896 999 2965 Β)
1027 2895 1093 2955 iam
1122 2895 1173 2954 bic
1196 2893 1312 2968 respici
1338 2893 1474 2953 arbitra·

290 3010 396 3080 retur;
436 3008 546 3082 itaque
582 3009 696 3069 deletis
731 3006 780 3067 καὶ
815 3005 919 3084 φωνὰς
955 3009 1125 3082 legendum
1161 3023 1278 3069 censeo
1313 3003 1363 3065 καὶ
1396 3005 1477 3066 κατὰ

288 3099 399 3194 Α<τὸ>
435 3129 518 3198 σῶμα
550 3118 599 3179 κοιλ
629 3119 703 3180 κατὰ
734 3119 787 3198 τὴν
821 3121 967 3181 διάνοιαν.
994 3121 1100 3182 Verba
1124 3123 1210 3182 enim
1235 3117 1309 3178 κατὰ
1331 3117 1364 3178 τὸ
1387 3127 1477 3197 σῶμα

240 3235 268 3300 E
291 3237 470 3309 generatim
502 3237 650 3298 indicant
671 3239 793 3313 gestus
818 3237 959 3313 babitus,
984 3252 1095 3313 uocem,
1122 3236 1258 3311 vultum,
1284 3235 1415 3296 similia.
1442 3233 1464 3313 ΙΙ

293 3348 432 3422 Optimis
452 3351 540 3411 codd.
562 3354 673 3410 πολλοῦ
696 3353 748 3430 [με]
772 3347 821 3409 καὶ
842 3349 985 3428 δεήσομεν
1005 3351 1233 3424 praebentibus
1253 3351 1341 3410 recte
1358 3365 1480 3411 omnes

293 3463 383 3524 editt.
408 3466 594 3538 paruerunt.
619 3465 703 3538 Lege
727 3461 824 3541 νυνδὴ
848 3465 869 3523 i.
894 3480 921 3524 e.
946 3459 1019 3542 ἀρα.

146 3573 210 3633 396
241 3567 271 3635 A
340 3576 568 3651 corrigendum
606 3579 682 3652 puto
721 3573 761 3655 [ἢ]
794 3575 844 3635 καὶ
876 3573 947 3636 ἀλλα
980 3575 1034 3636 ὅσα
1065 3576 1479 3653 παιδοποιῶνται

292 3688 364 3749 ἀλλ-λα
393 3694 443 3750 κτλ
474 3693 514 3752 ad
542 3690 721 3770 πράττοντας
744 3693 924 3766 pertinent:
950 3691 1065 3762 δειλούς
1088 3713 1117 3750 τε
1142 3689 1192 3750 καὶ
1215 3687 1358 3750 τάναντία
1381 3692 1478 3771 πράτ-

291 3824 393 3875 τοντας
406 3849 492 3862 .....
516 3802 566 3862 καί
590 3801 679 3877 ἀλλος
703 3805 742 3866 de
766 3806 934 3879 copulandi
958 3806 1082 3866 ratione
1106 3821 1162 3880 per
1184 3827 1214 3865 τε
1236 3803 1383 3865 καλ-καλ
1407 3807 1476 3871 vid.

292 3918 378 3978 dicta
409 3918 449 3978 ad
481 3920 544 3978 329
572 3920 600 3978 A
625 3919 683 3979 ult.
708 3920 940 3993 Praegressum
963 3915 983 3998 ἢ
1006 3917 1056 3979 καὶ
1078 3921 1246 3980 librarium
1271 3920 1303 3980 in
1328 3933 1477 3980 errorem

291 4031 474 4092 induxerat.
505 4032 556 4092 Ad
579 4032 732 4093 iteratam
756 4034 1027 4108 praepositionem
1051 4034 1084 4093 in
1113 4034 1219 4094 verbis
1242 4031 1283 4104 είς
1308 4030 1418 4104 αύτούς
1444 4055 1477 4094 τε

237 4147 267 4213 Β
291 4143 340 4202 καὶ
363 4143 404 4216 εἰς
427 4140 534 4216 ἅλλους
558 4145 597 4205 cf.
623 4145 705 4206 Phil.
731 4148 772 4206 50
796 4147 822 4205 B
846 4143 877 4205 ἕν
900 4145 1027 4225 θρήνοις
1050 4167 1080 4205 τε
1102 4144 1152 4206 καὶ
1176 4144 1207 4204 ἐν
1228 4145 1413 4230 τραγῳδίαις.
1440 4139 1463 4232 ΙΙ

290 4258 404 4319 Verbis
435 4257 465 4316 τί
493 4255 540 4331 δι’;
572 4258 682 4330 ἵππους
706 4259 922 4338 χρεμετίζοντας
945 4265 994 4320 κτλ
1020 4261 1079 4322 ΤΗ.
1105 4261 1212 4320 Hmrm
1236 4261 1286 4331 (de
1310 4276 1372 4334 quo
1397 4261 1475 4323 vide

241 4370 329 4438 Oad
354 4374 416 4432 377
441 4373 477 4442 D)
502 4374 756 4447 dithyrambicos
779 4375 892 4449 poetas
915 4375 1104 4448 perstrictos
1127 4377 1231 4448 putat.
1256 4365 1275 4458 ΙΙ
1300 4375 1377 4435 Dele
1397 4379 1475 4448 post

232 4484 263 4549 1)
287 4486 380 4568 τούτῳ
401 4503 470 4548 voc.
492 4481 580 4563 εἶδος,
600 4504 673 4549 cum
696 4489 788 4572 τούτω
808 4489 874 4548 iam
895 4488 1055 4561 significet
1074 4488 1167 4572 τούτῳ
1188 4498 1226 4571 τῷ
1240 4486 1319 4547 εἴδει.
1333 4479 1352 4571 ΙΙ
1366 4487 1475 4550 Verba

290 4596 340 4658 καὶ
363 4589 450 4675 ἧτταν
475 4603 711 4677 expungantur,
732 4602 817 4661 sicut
837 4603 940 4662 417ss
962 4603 1002 4662 ad
1022 4601 1098 4662 πολὺ
1118 4601 1208 4662 πλείω
1228 4601 1345 4675 aliquis
1358 4604 1474 4702 μᾶλλον
