3260 5098
828 308 889 367 156

270 493 359 572 (suos
383 494 539 554 nimirum
563 493 651 553 cives
676 493 768 554 Plato
796 494 936 570 respicit,
966 510 1029 555 non
1057 493 1170 566 πάντας
1197 494 1266 568 τοὺς
1285 493 1444 575 Ἕλληνας,

269 609 355 669 sicut
382 610 415 668 ei
439 622 537 682 supra
559 622 588 681 p.
614 609 679 668 405
699 607 729 666 A
752 605 907 686 vidimus)
929 623 971 668 ex
994 608 1105 671 Attica
1127 609 1288 684 proiectos
1312 626 1384 672 esse
1407 608 1444 668 rb

270 721 417 781 Διονύσιοι
440 722 473 781 in
497 724 624 782 ceierae
648 720 800 782 Graeciae
823 720 935 799 κώμαις
960 723 1154 798 spectatum.
1182 721 1318 782 Τὰίιοιιὰ
1341 724 1443 802 κώμας

272 839 354 896 Διον.
377 836 477 909 igitur
500 837 586 910 sunt,
612 851 694 908 quae
717 835 815 909 vulgo
837 833 873 894 roi
895 831 954 895 κατ’
987 833 1097 915 ἀγροὺς
1123 839 1288 914 vocantur,
1312 835 1347 897 ιὰ
1369 834 1444 896 κατὰ

270 950 367 1027 πόλιν,
401 965 483 1023 quae
515 945 592 1027 (vid.
625 949 834 1026 scholiasten)
865 946 901 1008 τὰ
932 947 964 1009 ἐν
996 946 1075 1009 ἄστει
1106 951 1252 1011 audiunt.
1281 951 1444 1026 Scriptum

219 1071 247 1136 ll
271 1073 341 1132 erat
361 1069 435 1130 κατὰ
458 1043 508 1147 ai,
531 1071 613 1145 quod
638 1071 788 1132 librarius
804 1071 899 1132 male
922 1072 1074 1150 explevit.
1098 1064 1117 1155 ΙΙ
1139 1070 1220 1132 Cum
1243 1073 1310 1133 iere
1329 1088 1445 1133 omnes

271 1187 360 1247 codd.
396 1184 623 1262 μαθηματικοὺς
658 1186 834 1246 exhibeant
864 1201 939 1246 cum
973 1185 1138 1246 Clemente
1168 1187 1202 1246 et
1232 1187 1443 1262 Theodoreto,

271 1314 334 1360 non
365 1298 474 1359 dubito
505 1299 582 1372 quin
613 1314 651 1360 ea
682 1299 822 1373 genuina
849 1299 893 1359 sit
923 1299 1035 1374 lecti0;
1068 1299 1108 1360 ci.
1140 1299 1223 1360 Tim.
1257 1300 1298 1360 88
1326 1300 1352 1359 B
1377 1296 1445 1378 (ubi

271 1412 405 1472 Photius
435 1410 646 1489 μαθηματικὸν
678 1409 743 1471 ἀντὶ
774 1419 827 1472 τοῦ
851 1410 1020 1491 φιλομαθῆ)
1045 1414 1078 1472 et
1100 1412 1235 1474 An'stot.
1259 1412 1398 1488 Metaph.
1427 1416 1442 1473 1

270 1526 335 1596 (in.)
367 1522 416 1584 aui
447 1523 496 1584 διὰ
526 1533 613 1585 τοῦτο
644 1522 679 1584 τὰ
709 1521 762 1602 μὲν
787 1530 841 1597 (sc.
866 1533 926 1586 τῶν
950 1524 1042 1608 ζῴων)
1066 1524 1208 1604 φρόνιμα,
1230 1523 1265 1584 τὰ
1287 1521 1321 1585 δὲ
1344 1531 1445 1603 μαθη-

271 1639 451 1718 ματικώτερα
473 1647 532 1697 τῶν
555 1637 595 1715 μὴ
620 1635 796 1716 δυναμένων
820 1639 1020 1716 μνημονεύειν
1043 1634 1129 1698 ἐστίν.
1153 1639 1288 1701 Videtur
1310 1640 1446 1701 Platone

272 1754 346 1813 vivo
376 1753 519 1814 nondum
550 1753 635 1813 inter
665 1750 830 1829 μαθηιιαὸς
858 1755 892 1813 et
918 1752 1126 1830 petrapertuis
1153 1753 1337 1830 discrimen,
1361 1755 1447 1827 quod

272 1867 394 1929 Gellius
429 1868 462 1927 et
497 1866 553 1927 alii
585 1866 758 1941 scriptores
793 1867 986 1943 indicarunt,
1022 1867 1200 1928 exstitisse.
1233 1867 1312 1927 Vide
1348 1867 1445 1928 Thes.

272 1981 427 2055 Stephani
451 1996 477 2040 S.
502 1997 533 2041 v.
559 1996 588 2041 v.
613 1979 821 2058 μαθηματικὸς
845 1983 878 2042 et
902 1978 1126 2058 ἀκουσματιιιός.

127 2100 192 2158 476
221 2093 251 2160 A
319 2096 403 2168 Lege
436 2091 487 2152 καὶ
523 2090 611 2172 [περὶ]
648 2092 765 2154 δικαίου
796 2097 862 2167 κτλ,
892 2109 969 2154 nam
1000 2095 1143 2169 primum
1176 2110 1257 2170 opus
1291 2097 1362 2156 erat
1395 2092 1447 2154 καὶ

274 2204 423 2286 (περὶ)
451 2204 567 2284 ἀδίκου,
590 2207 702 2267 deinde
725 2207 821 2282 plane
841 2206 962 2268 sufficit
981 2207 1060 2268 illud
1079 2205 1145 2288 πέρι
1164 2209 1197 2268 in
1213 2208 1278 2269 fine
1289 2209 1445 2286 positum,

271 2323 310 2384 cf.
344 2323 406 2382 451
430 2322 468 2382 A.
501 2321 533 2382 si
566 2322 628 2382 duo
660 2321 744 2382 inter
768 2337 803 2396 se
827 2321 988 2382 contraria
1011 2321 1202 2396 copulantur
1224 2321 1335 2382 iterari
1358 2337 1446 2397 prae-

270 2436 465 2511 positionem
485 2451 619 2496 necesse
639 2438 700 2511 est,
722 2436 784 2496 vid.
807 2437 846 2496 ad
860 2436 924 2496 334
937 2435 972 2496 Ε.
988 2470 1028 2479 -
1041 2435 1124 2496 illud
1137 2433 1269 2511 ἀλλήλων
1282 2435 1446 2518 (κοινωνία)

271 2550 352 2610 mihi
364 2550 404 2610 ob
417 2549 498 2610 duas
511 2565 628 2610 causas
640 2549 804 2624 displicet:
827 2550 969 2624 primum
983 2550 1166 2610 subiectum
1180 2549 1269 2610 verbi
1281 2549 1446 2625 φαίνεσθαι

271 2664 356 2724 sicut
386 2663 475 2723 verbi
505 2655 581 2721 εῖναι
611 2666 662 2723 est
693 2660 825 2742 ἕκαστον,
856 2678 920 2724 non
935 2656 955 2734 ¹)
979 2661 1133 2722 πάντατὰ
1156 2662 1230 2741 εἴδη,
1253 2665 1288 2723 at
1311 2659 1445 2740 ἀλλήλων

271 2777 405 2852 requirit
435 2778 617 2838 subiectum
649 2778 784 2853 pluralis
814 2779 951 2853 numeri,
985 2779 1095 2852 itaque
1119 2794 1186 2839 voe.
1211 2775 1346 2854 ἀλλήλων
1369 2777 1446 2838 ierri

270 2892 398 2965 nequit;
431 2891 544 2952 deinde
576 2892 626 2952 iac
657 2892 719 2951 duo
751 2891 815 2969 εἴδη
847 2892 988 2968 misceri,
1017 2894 1088 2952 tum
1121 2884 1198 2962 εἶδος
1222 2891 1351 2965 aliquod
1373 2906 1445 2951 nas·

271 3006 364 3079 citur,
388 3005 471 3076 quod
495 3004 636 3078 simplex
660 3001 726 3082 (iv),
751 3019 814 3064 non
839 3005 1009 3080 multiplex
1034 3002 1148 3076 (πολλὰ)
1172 3007 1232 3065 est.
1254 3004 1335 3066 (lum
1356 3003 1445 3064 nullo

271 3118 370 3190 igitur
391 3120 485 3192 pacto
510 3133 578 3178 voc.
603 3115 737 3194 ἀλλήλων
760 3118 887 3179 defendi
909 3119 1022 3194 possit,
1042 3120 1133 3193 patet
1152 3121 1341 3192 corruptum
1360 3133 1443 3179 esse.

272 3231 457 3305 Legendum
478 3246 593 3292 censeo
613 3227 709 3290 ἄλλων
730 3232 750 3292 i.
771 3248 798 3293 e.
823 3231 961 3292 aliarum
982 3247 1101 3308 rerum,
1121 3247 1197 3292 nam
1222 3233 1307 3292 inter
1326 3230 1445 3310 πράξεις

272 3348 305 3407 et
328 3346 447 3422 σώματα
472 3347 528 3406 vix
554 3347 666 3407 referri
688 3347 825 3421 possunt
848 3345 957 3422 φωναί,
979 3345 1073 3425 χρόαι,
1095 3345 1237 3424 σχήματα,
1260 3346 1390 3407 similia.
1419 3347 1444 3408 Ε

272 3463 418 3535 quartuor
435 3460 519 3520 banc
538 3461 639 3520 ῑοοιινο
658 3461 845 3521 emendandi
858 3461 1075 3521 conaminibus
1086 3459 1212 3520 nullum
1226 3461 1306 3520 mihi
1318 3460 1445 3534 placere

271 3575 392 3650 potuit:
418 3574 579 3634 Bassam
608 3577 642 3635 ca
663 3574 810 3645 (Phaedri
837 3573 947 3649 praes.)
975 3570 1048 3656 ἄλλῃ
1075 3569 1171 3631 ἄλλων
1194 3575 1246 3634 est
1269 3574 1445 3635 admodum

245 3747 248 3752 ,
271 3689 369 3749 durae
389 3687 648 3763 constructionis,
663 3688 725 3747 etsi
738 3688 964 3748 tolerabilioris
975 3703 1074 3761 quem
1087 3688 1267 3747 Brwararn
1279 3687 1400 3758 (Journ.
1413 3687 1448 3748 of

272 3800 384 3860 Philol.
409 3798 506 3878 1874)
527 3795 584 3859 ἄλλ’
609 3797 705 3859 ἄλλων
726 3796 793 3877 (the
813 3799 943 3874 general
964 3815 1060 3860 sense
1080 3801 1175 3873 being
1194 3800 1231 3874 ,it
1250 3801 1279 3860 is
1298 3800 1341 3874 by
1360 3800 1446 3862 their

271 3915 369 3975 union
400 3914 480 3974 with
510 3915 630 3989 bodies,
662 3915 787 3975 actions
801 3915 876 3974 and
904 3929 940 3975 so
964 3913 1059 3989 forth,
1083 3913 1156 3973 that
1177 3913 1272 3973 ideas
1295 3927 1387 3974 come
1410 3918 1445 3973 to

271 4029 310 4088 be
344 4029 630 4103 phenomenalised
665 4029 754 4102 etc');
786 4028 965 4089 Versantur
996 4024 1042 4105 (S)
1075 4029 1109 4087 ca
1137 4024 1280 4104 σωμάτων
1310 4023 1444 4104 ἀλλήλων

272 4141 414 4223 κοινωνία
444 4142 592 4216 displicet
623 4143 791 4216 propterea
813 4141 897 4213 quod
920 4137 1054 4218 ἀλλήλων
1077 4141 1126 4200 sic
1147 4155 1280 4214 prorsus
1303 4140 1445 4201 abundat
1497 4181 1500 4188 ·

271 4270 375 4328 neque
408 4271 425 4315 e
457 4255 690 4328 grammaticae
723 4254 847 4328 legibus
868 4254 962 4314 facile
986 4255 1037 4314 est
1059 4253 1240 4329 explicatu;
1264 4254 1445 4317 Lmnaonnr

271 4469 490 4480 .....—-—-·
553 4468 556 4473 ·

306 4607 325 4672 ¹)
344 4611 371 4658 si
390 4610 458 4657 enim
471 4612 548 4656 nina
563 4611 592 4656 τὰ
606 4609 655 4670 εἴδη
670 4609 815 4659 subiectum
829 4612 906 4669 esset,
920 4610 994 4658 Plato
1008 4623 1058 4657 non
1072 4612 1137 4665 adri,
1154 4609 1201 4662 sed
1216 4609 1275 4656 abab
1289 4608 1444 4670 scripsisset.
