3260 5098
696 275 738 335 99
854 333 857 339 .

131 457 347 529 (quamobrem
379 462 411 520 et
445 459 473 520 J.
504 460 649 521 Richteri
681 494 722 504 -
746 461 854 523 Fleok.
878 455 950 523 Jbb.
977 463 1061 524 1867
1087 497 1128 508 --
1152 459 1203 524 καλ
1226 462 1302 525 ὅθεν

130 573 249 666 μόλιοτα
283 576 467 636 coniectura
499 575 710 650 improbanda
745 579 805 648 est)
841 591 945 650 neque
980 575 1087 655 οἴηται,
1120 580 1178 640 sed
1212 579 1302 640 οέοιτο

130 691 238 764 optim.
261 691 351 753 codd.
373 691 470 752 lectio
494 693 554 751 est.
580 691 709 752 Stobaei
732 691 827 751 lectio
849 689 892 750 iu
911 690 1034 768 μάλιστα
1054 695 1209 754 eorrectio
1231 709 1304 755 esse

85 792 261 868 duretur.
288 797 307 889 ΙΙ
332 806 461 880 Optime
493 804 631 866 Oobetus
666 805 872 879 participium
907 802 1187 884 ἐπιλανθανόμενοι,
1220 809 1304 882 quod

129 920 238 994 frigide
261 917 409 999 παρέλκει,
430 919 534 980 eiecit.
555 919 665 979 Heller
686 919 801 990 (Fleck.
823 918 893 980 Jbb.
917 920 1001 980 1875
1022 919 1073 980 bd.
1097 920 1170 991 111)
1191 923 1303 982 autem

129 1036 222 1094 acute
255 1035 441 1108 suspicatus
470 1033 537 1093 iam
568 1032 620 1092 bic
651 1036 720 1092 tres
750 1031 825 1092 illos
852 1029 975 1110 ἐκβολῆς
999 1032 1122 1109 modos,
1147 1035 1202 1106 qui
1222 1033 1306 1095 inira

130 1149 204 1218 (413
232 1149 263 1208 Α
294 1142 451 1216 κλαπέντες
479 1141 499 1223 ἢ
529 1139 739 1224 γοητευθέντες
770 1148 830 1215 κτλ)
860 1146 1101 1222 enumerantur,
1126 1147 1242 1221 respici
1266 1148 1305 1208 ci.

134 1259 275 1338 <μητε>
302 1255 580 1336 ἐπιλανθανόμενοι.
598 1257 642 1318 At
662 1258 875 1318 verisimilius
895 1258 1125 1319 estPlatonem
1137 1260 1307 1334 scripsisse

135 1373 240 1452 <μήτε
274 1370 500 1450 τλεπτόμενοι>
538 1368 743 1450 ἐκβάλλουσιν,
778 1371 896 1444 quibus
927 1371 1034 1432 verbis
1064 1371 1148 1433 infra
1178 1373 1308 1434 inverso
1349 1353 1350 1358 ἵ

131 1489 238 1548 ordine
265 1486 459 1561 respondent
484 1481 642 1556 κλαπέντες
665 1481 685 1563 ἢ
708 1487 766 1544 κτλ.
790 1486 904 1558 Itaque
928 1481 1200 1564 ἐπιλανθανόμενοι
1224 1487 1307 1558 (coll.

131 1602 195 1661 413
217 1602 243 1661 Β
266 1601 322 1670 in.)
345 1600 454 1674 glossa
478 1614 551 1659 esse
575 1598 704 1676 videtur
727 1599 816 1658 vocis
839 1596 1037 1674 κλεπτόμενοι.

30 1701 110 1767 iii
175 1715 273 1775 Recte
304 1715 371 1775 iere
400 1727 515 1774 omnes
547 1712 638 1773 editt.
670 1714 817 1773 recentes
849 1712 947 1786 (prob.
979 1711 1110 1772 Hellero
1134 1712 1206 1774 Gur.
1232 1713 1308 1774 (trit.

132 1843 162 1902 p.
194 1829 246 1899 40)
277 1825 308 1886 τέ
336 1825 389 1886 dal
416 1827 598 1887 servarunt.
624 1826 718 1886 Aetio
743 1824 842 1885 verba
864 1820 884 1902 ἢ
908 1821 944 1883 ori
969 1821 1060 1883 τὸτὰ
1083 1821 1154 1884 όντα
1177 1825 1310 1898 δοξάζειν

133 1938 292 2017 ἀληθεύειν
324 1939 522 2014 expungenti
552 1938 647 2013 plane
678 1938 848 2014 assentior,
880 1937 964 2012 quod
992 1940 1309 2012 argumentationem

133 2055 274 2114 turbant.
298 2054 335 2112 In
358 2051 378 2128 ,θ
402 2053 446 2112 in.
471 2052 536 2122 (ubi
558 2052 598 2112 de
622 2049 695 2134 όόξη
720 2047 833 2128 όιληθεῖ
850 2053 887 2110 ut
910 2051 948 2111 de
968 2065 1003 2111 re
1022 2053 1100 2112 nota
1121 2053 1244 2114 mentio
1264 2053 1312 2124 fit)

133 2181 197 2228 non
231 2167 307 2239 quid
339 2167 429 2226 esset
460 2161 577 2241 ἀληθὴς
609 2162 682 2236 δόξα
712 2165 860 2239 ignorare
891 2179 927 2225 se
950 2164 1071 2226 Glauco
1095 2165 1232 2243 dixerat,
1257 2167 1313 2227 sed

88 2271 113 2335 B
135 2281 211 2354 quid
241 2277 388 2350 ἀκουσίως
419 2277 626 2352 significaret.
653 2269 672 2361 ΙΙ
698 2277 928 2351 corrigendum
958 2293 1031 2339 esse
1054 2280 1192 2340 arbitror
1216 2277 1315 2339 ἐπιλα-

134 2389 293 2470 θομένους.
327 2392 397 2452 Etsi
432 2393 547 2466 optimi
578 2389 667 2452 codd.
698 2389 767 2462 τοὺς
798 2388 858 2467 μὴν
889 2388 1105 2469 γοητευθέντας
1128 2392 1260 2462 (omisso
1283 2413 1315 2470 γε

136 2508 209 2581 post
229 2504 309 2577 τοὺς)
333 2505 498 2581 exhibent,
524 2505 639 2566 vocula
662 2519 757 2578 aegre
781 2518 941 2565 caremus.
965 2503 1034 2564 Vid.
1059 2505 1122 2565 465
1147 2505 1172 2564 B
1197 2505 1255 2565 ult.
1280 2503 1315 2563 τό

88 2612 110 2681 G
131 2641 163 2699 γε
186 2617 245 2697 μην
268 2622 326 2678 κτλ.
346 2619 386 2678 Et
406 2619 471 2678 410
492 2619 517 2678 Β
537 2637 570 2697 γε
590 2619 749 2679 excidisse
770 2619 907 2694 videtur,
928 2618 1010 2678 item
1031 2620 1095 2678 443
1108 2619 1147 2678 Α.
1172 2609 1192 2701 ΙΙ
1216 2619 1315 2679 Recte

133 2734 277 2808 plerique
307 2733 397 2793 editt.
429 2739 481 2792 τοῦ
512 2725 579 2810 παρ’
613 2729 714 2802 αὑτοῖς
738 2735 805 2806 (pro
829 2729 940 2802 αὐτοῖς)
966 2730 1111 2810 δόγματος
1136 2732 1313 2792 ediderunt.

133 2847 238 2908 Verba
266 2853 352 2905 τοῦτο
376 2842 415 2916 ὡς
438 2842 577 2922 ποιητέον
593 2840 614 2916 ¹)
628 2890 733 2904 ......
758 2838 835 2904 εἶναι
858 2845 994 2906 delenda
1016 2846 1144 2906 censuit
1166 2843 1316 2906 *Gaisford

133 2962 231 3034 (Stob.
255 2959 340 3020 Flor·
365 2960 418 3035 43,
445 2960 518 3030 152)
542 2961 576 3020 et
600 2959 739 3020 Oobetus
762 2959 889 3035 („Plato
913 2960 981 3019 iam
1005 2959 1056 3018 bis
1079 2959 1183 3020 multo
1208 2959 1318 3020 melio·

134 3075 222 3136 ribus
250 3074 358 3134 verbis
381 3073 510 3134 dixerat
533 3074 619 3134 idem
643 3074 708 3134 412
732 3073 758 3132 D
782 3073 850 3148 Ε”),
875 3085 939 3132 non
963 3075 1152 3147 reputantes
1176 3073 1224 3132 sio
1246 3087 1315 3132 sen·

134 3189 274 3249 tentiam
300 3187 488 3260 nescioquid
512 3188 642 3248 obscuri
665 3187 793 3248 habere.
818 3185 940 3245 Iniuria
964 3184 1103 3246 Cobetus
1123 3183 1188 3245 iliis
1212 3185 1320 3245 verbis

139 3303 283 3363 offensus
305 3303 365 3378 est,
389 3301 473 3361 inira
496 3302 529 3360 in
553 3302 571 3370 θ
591 3301 616 3360 Ε
637 3292 699 3371 οἷος
718 3298 756 3376 θη
776 3295 815 3358 ἂν
835 3297 878 3358 div
897 3302 947 3357 κτλ
959 3299 1045 3358 idem
1059 3300 1178 3358 iterum
1192 3299 1318 3360 dicitur.

137 3418 252 3490 Itaque
270 3417 358 3476 reete
378 3414 468 3476 editt.
488 3429 553 3475 uon
572 3415 749 3488 paruerunt
768 3413 978 3488 probantibus
999 3409 1128 3472 Hellero
1145 3411 1227 3481 (Gur.
1243 3411 1318 3473 Orit.

138 3548 167 3606 p.
201 3531 253 3599 23)
283 3530 318 3589 et
347 3528 505 3589 Meinekio
529 3528 627 3598 (Stob.
652 3527 735 3588 Flor.
760 3527 781 3587 l.
806 3527 849 3596 1.).
875 3527 963 3601 Quae
988 3527 1099 3585 autem
1124 3525 1222 3584 verba
1246 3527 1320 3598 post

140 3637 218 3705 εἶναι
251 3642 366 3717 optimi
395 3642 485 3703 codd.
518 3642 639 3702 addunt
670 3639 782 3711 (αὐτοῖς
813 3644 931 3715 ποιεῖν),
956 3638 1042 3700 male
1066 3638 1126 3698 soli
1150 3638 1262 3698 Herm.
1288 3639 1321 3698 et

141 3758 226 3819 Bait.
249 3757 456 3830 receperunt:
481 3759 533 3816 est
551 3756 682 3816 foedum
702 3754 857 3814 scholion.
876 3753 953 3812 Mire
972 3748 1081 3812 Herm.
1103 3749 1213 3822 αὐτοὺς
1224 3755 1321 3812 ποιεῖν

94 3864 122 3930 I)
146 3870 283 3933 coniecit
300 3869 467 3943 (probante
488 3868 713 3938 Scbmelxero).
728 3867 745 3946 {l
758 3867 905 3927 Editores
926 3868 1053 3940 praeter
1071 3865 1322 3926 Stallbaumium

143 4002 161 4047 e
197 3985 263 4044 iere
298 3982 449 4042 omnibus
484 3981 573 4043 codd.
603 3981 719 4051 τούτοις
749 3979 883 4058 γοητείας
915 3995 971 4053 pro
1002 3986 1054 4038 τοῦ
1077 3986 1129 4056 της
1151 4001 1176 4058 γ.
1201 3979 1322 4053 optime

144 4099 343 4172 receperunt
367 4095 583 4156 Herwordeno
607 4109 746 4167 sequens
765 4089 891 4152 θεατέον
915 4092 1192 4152 circumscribenti
1212 4105 1321 4152 assen-

144 4213 225 4274 tior:
257 4211 315 4271 aut
337 4209 664 4282 interpretamentum
688 4209 740 4267 ost
764 4207 804 4266 ad
826 4205 1013 4279 proximum
1038 4202 1179 4282 τηρητέον
1200 4206 1259 4266 aut
1283 4219 1324 4265 ex

100 4323 124 4387 u
147 4321 253 4385 θετέον
277 4322 323 4396 (V.
345 4323 402 4397 L.),
421 4337 484 4398 quo
504 4321 621 4396 aliquis
640 4316 779 4398 ποιητέον
800 4319 961 4392 explicare
982 4317 1094 4392 voluit,
1107 4320 1215 4379 ortum
1227 4320 1288 4379 est.
1305 4316 1321 4396 11

186 4568 207 4637 ¹)
224 4572 286 4620 Van.
303 4574 331 4624 Ξ
345 4571 431 4622 exhib.
449 4574 478 4627 ὡς
495 4572 604 4634 ποιητέον
620 4578 698 4620 τοῦτο.
