3278 5098
717 316 756 378 79

153 498 319 582 ἀνθρωττοι,
341 503 425 578 quod
448 501 540 563 αὐτὸν
560 505 775 582 dittographia
795 523 837 566 ex
858 486 932 565 οτι-ον
953 508 1067 567 natum
1090 522 1162 569 esse
1183 508 1318 568 videtur.

153 617 229 690 Lege
248 617 384 678 τοιοῦτόν
412 621 509 690 <τι>
533 613 553 696 ἢ
573 616 666 697 λέγειν
686 621 743 679 aut
759 617 862 692 <τὸ>
880 627 1025 696 τοιοῦτον,
1044 624 1081 682 ut
1093 622 1176 681 infra
1189 618 1266 698 (389
1279 619 1319 698 A)

153 727 184 788 κδ
214 739 336 807 τοιοῦτοι
365 732 492 822 legitur.
523 732 569 792 De
600 732 708 792 dativo
740 734 847 793 Ionico
882 737 1028 812 σμικροῖσι
1060 736 1122 796 vid.
1160 735 1246 796 dicta
1280 735 1320 796 ad

108 837 255 934 Ιδδδρδ.
293 836 312 928 ΙΙ
351 845 412 904 Ρτο
443 841 514 928 ἐφιῇ
545 841 604 922 (sic
635 845 705 905 Ast.
737 846 817 906 Bkk.
850 845 1009 936 Schneid)
1044 863 1128 908 unus
1160 849 1227 908 cod.
1260 845 1318 930 ἐφῇ

149 959 275 1032 praebet
305 957 514 1036 probantibus
541 958 652 1019 Herm.
684 960 767 1019 Bait.
802 958 933 1034 (lampb.
961 959 1112 1022 Codicum
1136 961 1317 1044 principum

149 1071 299 1132 lectiones
331 1071 412 1141 (Par.
445 1069 584 1150 Αάφηκ,
606 1071 685 1132 Van.
712 1074 745 1130 Π
765 1069 834 1149 ἔφη)
859 1072 1017 1134 aoristum
1041 1073 1188 1147 flagitare
1212 1073 1318 1150 viden·

147 1187 206 1245 tur.
232 1219 272 1228 -
298 1186 359 1258 PrO
382 1185 464 1262 ζητεῖ
480 1185 519 1246 H.
542 1184 631 1246 Wolf
647 1186 686 1246 ci.
707 1189 795 1262 ποιεῖ,
813 1186 978 1250 Herwerd.
998 1184 1075 1264 (Mn
1098 1187 1194 1266 1883)
1209 1190 1319 1247 autem
1356 1208 1360 1216 ·

147 1295 230 1359 τίκτει
263 1271 315 1358 vel
347 1295 466 1357 ἐντίκτει
497 1296 542 1375 (in
573 1299 732 1373 scriptura
764 1300 892 1388 unciali¹
918 1303 944 1358 T
972 1303 1005 1360 et
1037 1303 1062 1358 Z
1088 1316 1320 1375 nonnunquam

148 1411 277 1472 confusa
291 1409 390 1496 sunt).
403 1412 447 1471 At
459 1413 547 1472 recte
561 1411 725 1488 Oampbell
738 1409 882 1492 (vertens
898 1414 1092 1490 „requirea”
1111 1415 1320 1491 „demandat

151 1525 314 1598 vulgatam
327 1527 438 1585 tuetur
449 1523 481 1584 τὸ
493 1533 628 1584 τοιοῦτον
640 1526 750 1586 dicans
762 1531 1069 1604 recumberentque»,
1081 1527 1191 1601 itaque
1204 1529 1232 1588 si
1244 1529 1325 1606 ζητεῖ

149 1652 201 1710 per
227 1639 402 1714 „requirit”
428 1640 576 1714 vertitur,
600 1640 759 1713 optimum
785 1655 919 1730 sensum
943 1642 1173 1704 nanciscimur.
1197 1613 1320 1702 Similia

149 1753 373 1831 prosopopoeia
392 1753 531 1813 occurrit
550 1754 654 1814 3le
674 1751 711 1813 οά
724 1752 790 1832 γάρ,
802 1747 894 1830 οἶμαι,
906 1751 1001 1813 ἐθέλει
1013 1752 1045 1813 τὸ
1056 1753 1319 1832 manippum...

148 1863 318 1946 περιμένειν.
343 1899 382 1908 -
409 1865 526 1928 (lobeto
546 1867 668 1928 dudum
688 1863 764 1944 (Mn.
788 1868 882 1944 1854,
907 1864 1003 1945 1860)
1026 1859 1136 1946 abedoc
1156 1869 1176 1928 i.
1190 1884 1217 1929 θ.
1239 1865 1321 1928 οὔτοι

146 1975 200 2057 ipa
225 1981 368 2054 poscenti
387 1995 484 2041 nemo
504 1981 620 2054 paruit.
640 1980 708 2040 Viri
729 1980 780 2041 dd.
804 1980 971 2054 vulgatam
991 1982 1167 2054 defendunt
1187 1982 1320 2044 dicendo

146 2095 181 2152 ut
195 2108 427 2167 nonnunquam
448 2113 530 2152 τε-
545 2090 587 2169 δέ,
607 2095 654 2155 sie
675 2094 727 2154 hic
746 2089 813 2152 οάτε
827 2127 868 2134 --
882 2089 914 2152 δὲ
934 2094 1115 2155 adhibitum
1132 2110 1222 2170 esse;
1244 2111 1318 2156 cum

146 2208 253 2267 autem
280 2206 469 2266 vehementi
494 2202 545 2284 (ci.
570 2223 668 2282 supra
691 2208 717 2266 B
741 2210 774 2268 et
799 2207 821 2267 Ο
845 2204 943 2284 μήτοι)
968 2209 1139 2281 negatione
1163 2209 1215 2268 hic
1239 2223 1319 2283 opus

149 2321 199 2397 sit,
223 2323 369 2396 praestat
393 2321 509 2383 Oobeto
533 2322 765 2396 obtemperare.

31 2429 125 2497 asel
190 2436 376 2526 lliermanno
409 2432 575 2511 (probante
605 2436 730 2496 Nabero
747 2439 748 2442 ’
764 2435 849 2494 1864
882 2434 1006 2495 domm.
1031 2435 1113 2495 Plat.
1137 2434 1181 2512 II)
1207 2432 1319 2495 οάκοοκ

143 2549 261 2623 legenti
295 2549 411 2610 deletis
445 2545 533 2608 ἀττοδ.
566 2546 633 2628 περὶ
666 2553 748 2608 θεῶν
782 2564 823 2608 ne
858 2549 1032 2608 balbutiret
1071 2547 1183 2625 oratic,
1223 2564 1319 2609 nemo

142 2678 295 2724 assensus
318 2667 378 2739 est,
397 2679 515 2738 praem
538 2664 665 2724 videtur
688 2662 805 2735 aliquis
825 2659 1033 2738 ἀποδεξόμεθα
1052 2662 1233 2723 inculcasse
1254 2679 1317 2723 non

25 2821 26 2850 μ
142 2777 324 2851 intelligens
354 2773 533 2837 ἀποδεκτέον
564 2794 591 2838 ο.
616 2778 808 2855 accusativo
826 2777 970 2837 construi
994 2792 1099 2851 posse.
1123 2777 1229 2836 Verba
1251 2772 1318 2855 περὶ
1428 2847 1430 2853 .

141 2895 220 2950 θεῶν
244 2893 278 2958 et
301 2892 464 2953 Herwerd.
491 2890 565 2970 (Mn.
590 2891 686 2967 1883)
708 2892 866 2966 expunxit
888 2888 1031 2969 (servato
1051 2887 1162 2968 ἀττοδ.),
1184 2891 1316 2967 optime,

142 3005 215 3078 quia
249 3020 313 3065 non
347 3005 445 3066 refert
479 3008 591 3066 utrum
623 3006 661 3066 de
693 3006 762 3066 deis
787 3020 893 3066 necne
925 3006 1004 3065 haec
1035 3006 1121 3066 dicta
1153 3005 1229 3081 sint,
1262 3006 1319 3066 sed

25 3165 26 3180 τ
142 3120 251 3180 utrum
284 3134 362 3200 vera
384 3134 426 3180 an
449 3119 542 3180 falsa.
567 3119 754 3179 Hermanno
778 3119 877 3192 igitur
900 3120 1031 3179 omnino
1055 3120 1230 3194 parendum
1256 3122 1316 3180 est.

142 3231 217 3292 Post
237 3231 424 3292 κοιττκύοκτα
444 3233 635 3307 neutiquam
655 3233 946 3307 interpungendum
968 3236 1028 3294 est.
1051 3235 1214 3294 Naberum
1239 3231 1318 3311 (ll.)

142 3349 309 3419 praeterea
340 3361 469 3407 versum
504 3346 643 3406 alterum
676 3342 715 3417 ὡς
747 3345 814 3404 ἴδοι
843 3350 893 3404 κτλ
928 3349 1058 3423 „utpote
1082 3347 1163 3406 nihil
1186 3349 1226 3408 ad
1249 3363 1319 3407 rem

85 3461 87 3465 '
141 3456 336 3520 iacientem”
368 3455 541 3522 eicientem
570 3474 633 3547 non
666 3459 786 3519 falsum
817 3475 890 3520 esse
922 3462 1010 3536 puto,
1042 3475 1117 3520 cum
1139 3461 1239 3537 Plato
1256 3476 1319 3521 non

141 3574 226 3634 risus
262 3589 406 3650 causam,
438 3575 494 3634 aad
526 3574 634 3648 ipsum
665 3573 769 3632 risum
801 3574 941 3633 effusum
973 3573 1184 3648 reprehendat
1215 3588 1319 3646 neque
1390 3583 1393 3586 ·

25 3683 26 3690 ’
141 3687 303 3760 probabile
337 3688 381 3746 sit
408 3688 577 3747 Platonem
604 3687 746 3747 indicare
776 3686 917 3746 voluisse
945 3701 981 3746 se
1008 3687 1114 3761 potius
1142 3686 1180 3746 de
1208 3685 1319 3746 Iliadis

101 3798 184 3877 ΜΛ
215 3799 293 3878 599)
324 3800 394 3862 loco
424 3816 522 3874 quam
555 3801 593 3860 de
625 3800 788 3874 Odysseae
820 3800 855 3877 (a
887 3798 964 3878 326)
997 3793 1167 3873 cogitasse.
1196 3791 1215 3884 ΙΙ
1242 3799 1318 3860 Voc.

141 3915 294 3986 τοιούτους
318 3917 394 3975 ante
417 3911 563 3996 dppovrcq
584 3915 765 3974 omiserunt
788 3914 956 3991 Stobaeus,
977 3913 1048 3974 Par.
1069 3905 1122 3989 ΑΙ,
1143 3912 1319 3988 altitudo,

141 4030 274 4105 optime,
310 4029 384 4102 quia
419 4043 483 4088 non
514 4030 670 4088 adversus
701 4028 860 4100 quosdam
890 4029 1042 4102 rectores,
1074 4027 1132 4086 sed
1162 4027 1320 4086 adversus

142 4143 303 4216 quoslibet
325 4143 467 4204 rectores
491 4142 623 4202 mentiri
646 4157 709 4201 non
733 4141 818 4201 licet.
843 4140 868 4200 Ε
890 4155 1081 4216 praegresso
1104 4147 1156 4199 τοῦ
1180 4138 1318 4199 τοιούτου

142 4260 256 4318 natum
282 4257 333 4317 est
354 4253 424 4326 τοὺς
446 4256 608 4326 τοιούτους.
632 4256 669 4314 In
694 4255 779 4315 notis
804 4254 934 4328 Oampb.
959 4269 1090 4313 mecum
1114 4253 1201 4313 facit.
1223 4235 1320 4313 Porro

142 4374 197 4431 aut
225 4387 253 4430 c.
279 4369 415 4431 Stobaec
439 4369 611 4442 legendum
635 4366 704 4438 τοὺς
728 4364 871 4445 ἀμχοοτοτς
900 4366 1010 4449 <τῷ>
1040 4365 1140 4448 ἰδιώτῃ
1166 4368 1223 4426 aut
1245 4365 1319 4444 ττμός

141 4505 171 4562 γε
203 4481 242 4560 δὴ
277 4481 367 4554 [τοὺς]
402 4478 545 4561 ἄρχοντας
577 4480 678 4564 ἰδιώτῃ
710 4481 782 4541 coll.
815 4481 880 4540 390
910 4481 948 4539 A.
981 4479 1074 4538 Prius
1105 4479 1186 4537 mini
1214 4479 1319 4552 magis

141 4599 256 4674 placet.
284 4631 319 4640 -
341 4596 521 4671 Madvigius
541 4595 601 4656 sub
620 4594 719 4656 finem
739 4591 851 4674 λέγοντι
873 4592 1030 4667 expunxit
1043 4589 1150 4669 (nemo
1164 4607 1319 4680 assensus
