3278 5098
791 325 809 383 ’λ

203 509 338 585 Πειραιᾶ
362 507 432 567 sine
455 508 550 568 dubio
574 507 607 566 in
630 509 760 569 textuin
785 511 965 584 recipienda
989 514 1039 572 est
1063 511 1112 582 (ei.
1135 508 1203 571 GIA
1222 499 1382 588 11066047,

133 613 169 677 Β
200 635 293 680 anno
314 621 488 680 390-.385
510 635 538 680 a.
561 619 616 680 Oh.
636 635 678 697 n.,
701 619 818 700 Δορκὰς
839 621 874 700 ἐμ
890 627 1029 702 Πειραιεῖ
1035 603 1215 706 obedesti}
1228 623 1385 684 Similiter

204 733 301 793 codd.
325 733 358 791 in
378 734 456 793 trita
475 733 635 794 locutione
655 731 728 813 πρὸς
748 730 820 794 ἄστυ
840 737 936 797 modo
960 737 1033 806 (vid.
1056 752 1106 797 ex.
1128 752 1173 810 gr.
1189 736 1280 804 3270)
1293 735 1383 795 artie.

205 845 377 922 omittunt,
410 848 505 908 modo
536 846 667 924 addunt,
692 847 795 910 male:
827 850 1043 910 omittendum
1076 864 1148 909 esse
1180 849 1270 909 artie.
1302 847 1384 908 aliae

206 959 396 1020 huiusmodi
415 959 594 1021 locutiones
614 957 698 1032 (κατὰ
717 959 804 1020 πόλιν
825 964 956 1024 Thesei.
981 964 1042 1023 142
1054 964 1093 1038 A,
1114 961 1154 1032 εἰς
1175 957 1277 1036 λιμένα
1296 961 1384 1035 ibid,

207 1070 242 1132 ἐν
268 1070 361 1156 ἀγορᾷ
383 1073 461 1148 Rep.
487 1076 549 1134 371
564 1078 589 1145 o)
614 1075 695 1135 satis
716 1090 874 1150 superque
893 1077 1018 1152 docent,
1039 1091 1140 1150 quum
1159 1073 1384 1148 in-quob'dr'ouo

208 1165 360 1248 sermone
379 1188 469 1248 uultu
488 1187 552 1248 ολλυ
570 1203 638 1248 roeo
658 1188 794 1264 opposito
813 1190 1021 1250 adhibentur:
1042 1190 1090 1250 sio
1109 1190 1142 1250 in
1162 1187 1298 1248 Phaedri
1315 1187 1384 1248 init.

140 1355 145 1364 .
209 1298 243 1359 ἐν
268 1297 356 1378 δίστει,
378 1304 435 1363 sod
458 1303 532 1364 ibid.
559 1304 623 1362 230
647 1302 697 1363 OD
720 1299 752 1362 ἐκ
774 1311 827 1362 τοῦ
847 1299 957 1374 δίστεος.
978 1301 1058 1364 Vide
1078 1306 1111 1364 et
1131 1303 1256 1363 Menex.
1278 1301 1386 1362 243H

210 1412 243 1472 ἔκ
263 1435 292 1473 τε
315 1411 369 1493 γὰρ
390 1423 443 1475 τοῦ
468 1416 615 1494 Πειραιῶς
639 1413 688 1474 καλ
712 1416 742 1486 (l.
767 1413 833 1487 κάκ)
859 1424 910 1476 τοῦ
935 1413 1044 1488 δίστεος.
1069 1450 1111 1458 -—
1135 1417 1181 1477 De
1205 1415 1344 1476 formula
1367 1404 1386 1491 ᾖ

212 1522 280 1598 δ’ὃς
302 1529 410 1590 confer
432 1544 514 1602 quae
539 1531 577 1592 A.
602 1529 755 1591 Ludwich
774 1530 807 1590 in
828 1530 907 1590 Mus.
927 1531 1029 1591 Rhen.
1054 1531 1138 1591 1886
1159 1546 1188 1605 p.
1210 1530 1386 1590 tar-453

212 1642 399 1716 disputavit.

149 1753 180 1823 G
258 1752 384 1828 corrige
416 1755 600 1832 Ἀδείμαντος
631 1758 664 1818 ei
696 1753 746 1815 καὶ
777 1753 792 1816 δ
816 1758 897 1827 (sive
920 1753 972 1835 χώ)
996 1755 1182 1835 Νικήρατος;
1205 1756 1277 1817 vide
1301 1756 1387 1817 dicia

212 1870 255 1930 ad
278 1871 342 1931 334
365 1871 399 1931 H.
426 1905 467 1913 —
491 1871 590 1932 Reote
615 1871 726 1933 Stallb.
751 1871 821 1932 V³¹¹¹
842 1870 919 1932 hio
937 1869 1064 1931 λείπεται
1084 1870 1227 1946 retinuit,
1248 1869 1295 1930 sio
1314 1869 1386 1945 Ast,

211 1982 324 2060 Bekk.,
360 1983 517 2060 Schneid,
554 1985 649 2061 Bait,
685 1985 843 2046 Sohmelz.
880 1986 1046 2062 (,tertium
1081 1983 1219 2059 daturi,
1256 1982 1386 2058 campo.

212 2096 347 2156 Frustra
378 2097 489 2160 Herm.
522 2101 555 2159 et
586 2099 707 2160 Wohlr.
740 2098 897 2159 ἐλλείπειαι
928 2099 1097 2160 defendere
1125 2098 1257 2158 student
1283 2096 1388 2156 verbis

213 2209 339 2270 Philebi
369 2226 395 2272 c.
428 2212 447 2271 8
478 2209 511 2272 τδ
543 2207 572 2271 δ’
599 2211 672 2272 αὐτό
695 2234 745 2290 μοι
768 2221 821 2273 τοῦ
845 2212 934 2292 λόγου
945 2257 1031 2272 ......
1055 2210 1224 2270 ίλλείπεται.·
1244 2210 1388 2270 Venetus

215 2325 225 2383 t
258 2314 305 2382 m1
339 2319 489 2402 ἐλείπεναι,
511 2325 546 2386 in
569 2340 633 2399 mg.
658 2327 777 2400 legitur
799 2349 842 2406 γρ.
863 2325 899 2385 tv
922 2326 1059 2402 λείπεται,
1081 2325 1212 2399 perinde
1235 2326 1332 2397 atque
1355 2323 1388 2381 in

215 2437 361 2501 Parisino
384 2440 422 2501 Α.
447 2439 495 2500 Ex
519 2440 694 2501 Theaeteto
721 2441 783 2501 188
808 2443 836 2501 A
861 2441 998 2502 conferri
1021 2443 1127 2514 potest
1150 2435 1220 2498 dito
1244 2432 1273 2516 γ’
1300 2433 1389 2497 οὐδὲν

215 2551 342 2612 λείπεται
364 2557 422 2612 κτλ.
442 2554 606 2615 -Verba
625 2550 664 2625 ὡς
683 2553 785 2614 τοίνυν
805 2553 846 2632 μὴ
866 2549 1078 2629 ἀκουσομένων
1097 2567 1160 2612 non
1180 2567 1199 2611 a
1220 2551 1390 2610 διανοεῖσθε

214 2667 356 2741 pendent
385 2670 422 2728 ut
448 2669 511 2728 Ast
533 2669 758 2746 praecipiebat,
782 2668 933 2741 quiante
957 2666 1033 2727 ολλια
1057 2667 1202 2727 additum
1226 2666 1294 2751 est;
1322 2679 1389 2724 ver·

216 2781 351 2841 tendum
374 2784 425 2842 est
450 2797 552 2858 ,quae
576 2799 651 2843 oum
674 2783 721 2843 ita
744 2783 819 2859 sint,
841 2783 980 2856 cogitate
1000 2781 1076 2854 quid
1097 2780 1187 2840 vobis
1207 2777 1390 2839 iaciendum

216 2895 293 2954 sit.'’
313 2895 418 2956 Verba
441 2892 480 2967 ὡς
498 2892 759 2973 «ἀκουσομένων
782 2899 860 2956 sunt
883 2912 954 2969 gen.
979 2895 1159 2969 absolutae,
1181 2892 1287 2966 qualis
1308 2891 1391 2966 apud

216 3007 316 3069 Arist.
334 3008 395 3069 Av.
419 3009 503 3070 1513
524 3009 638 3069 obvius
656 3005 746 3068 ἅκουε
768 3008 805 3086 δή
826 3031 883 3068 νυν
897 3042 938 3049 --
952 3004 992 3078 ὡς
1011 3004 1175 3076 ἀκούοντος
1188 3002 1251 3084 λέγε
1265 3006 1297 3064 et
1309 3004 1393 3078 apud

217 3121 300 3182 Plat.
324 3121 461 3196 Euthyd.
488 3123 593 3181 295A
617 3122 675 3182 ult.
700 3118 739 3192 ὡς
762 3118 1021 3199 ἀποκρινουμένου
1046 3117 1145 3199 ἐρώτα.

53 3235 127 3296 328
161 3229 195 3297 Δ
264 3236 302 3295 In
331 3237 418 3297 codd.
451 3236 575 3308 aliquot
604 3229 659 3310 ἀφ’
694 3234 793 3294 ἵππων
825 3238 897 3310 post
920 3244 955 3317 tp
978 3207 1041 3316 bapt
1064 3233 1268 3306 collocatum,
1294 3233 1326 3291 et
1348 3230 1395 3290 ita

219 3364 305 3409 unus
323 3350 423 3411 Bekk.
443 3350 551 3425 edidit,
573 3351 608 3410 at
628 3349 781 3422 vulgatus
802 3349 972 3409 verborum
993 3325 1078 3422 ordo,
1100 3347 1220 3422 opinor,
1239 3346 1395 3405 maiorem

220 3463 287 3523 vim
309 3463 440 3524 obtinet.
462 3464 645 3524 Verisimile
666 3465 717 3524 est
736 3465 769 3523 in
790 3479 827 3523 eo
847 3462 1035 3538 exemplari,
1057 3477 1099 3521 ex
1118 3474 1181 3533 quo
1202 3459 1327 3520 oodioes
1349 3457 1396 3517 illi

219 3577 352 3653 fluxere,
390 3578 486 3638 verba
521 3572 575 3653 ἀφ’
614 3576 713 3636 ἵππων
748 3579 860 3651 utpote
891 3591 910 3636 a
940 3575 1070 3635 librario
1102 3573 1244 3647 primum
1274 3572 1397 3631 omissa

218 3691 333 3764 postea
353 3691 459 3750 verbis
479 3700 514 3773 τῇ
534 3695 596 3773 θεῷ
614 3689 831 3766 superscripta
843 3689 954 3764 fuisse,
968 3687 1042 3748 dein
1054 3687 1087 3746 in
1100 3685 1193 3746 novis
1205 3685 1397 3759 apographis

163 3809 194 3874 Β
218 3804 471 3864 describentium
493 3804 586 3879 culpa
605 3804 638 3863 in
659 3804 781 3865 malam
801 3803 913 3862 sedem
934 3800 1114 3862 devenisse.
1136 3792 1156 3882 ΙΙ
1175 3799 1236 3858 Ρτο
1250 3794 1398 3855 Παιανιέα

220 3917 292 3990 lege
316 3919 458 3975 Παιανιᾶ.
521 3925 525 3934 ’
853 3973 855 3978 ,

171 4033 196 4101 G
265 4031 404 4092 Noteiur
432 4033 599 4106 paraiaxis
629 4032 663 4092 in
695 4031 801 4092 verbis
836 4026 886 4089 ἐπί
913 4049 992 4099 τινος
1024 4022 1266 4105 προσκεφαλαίου
1297 4042 1326 4080 τε
1350 4018 1400 4079 καλ

221 4144 332 4224 δίφρου
367 4159 424 4220 pro
455 4142 505 4204 ἐπί
533 4165 612 4215 τινος
643 4141 884 4223 προσκεφαλαίου
916 4139 949 4200 ἐν
982 4139 1088 4222 δίφρῳ.
1121 4136 1261 4198 Conferri
1293 4136 1401 4209 potest
1464 4144 1466 4150 '

221 4273 338 4320 versus
368 4259 562 4320 Homericus
594 4249 671 4318 εἷσεν
703 4251 732 4316 δ’
765 4253 797 4316 ἐν
820 4258 968 4331 κλισμοῖσι
993 4250 1104 4330 τάπησί
1125 4271 1154 4309 τε
1176 4245 1401 4327 πορφυρέοισιν.

221 4374 271 4434 Hx
306 4373 357 4433 his
387 4375 421 4434 at
450 4388 494 4434 ex
523 4373 564 4433 iis
595 4387 677 4445 quae
709 4371 822 4432 statim
853 4370 1034 4442 sequuntur
1065 4363 1238 4425 manifesto
1270 4363 1404 4436 apparet

223 4487 351 4548 Platoni
381 4489 491 4548 mente
524 4487 704 4547 Homerum
732 4486 940 4545 obversatum
965 4497 1036 4542 esse
1061 4481 1093 4540 et
1117 4477 1287 4553 praecipue
1311 4489 1400 4548 gran·

223 4601 318 4663 daevi
338 4616 375 4661 ao
395 4599 589 4660 venerabilis
609 4599 755 4659 Nestoris
774 4597 952 4670 imaginem
974 4596 1058 4656 inter
1073 4575 1158 4652 filios
1171 4605 1247 4650 suos
1260 4587 1403 4650 sedentis
