3260 5098
698 327 761 386 109

150 509 321 584 ,auxilium
352 510 532 572 senioribus
564 512 760 573 accubituris
790 514 843 574 vel
871 514 1068 576 decubiiuris
1092 533 1111 577 a
1134 517 1314 578 iunioribus

147 625 372 697 praestandum
402 627 495 686 esse”
523 627 716 701 probabilior
738 629 789 688 est
812 644 911 702 quam
936 629 1032 706 Astii,
1057 631 1109 690 cui
1131 629 1314 702 κατακλίσεις

146 736 228 797 idem
246 739 323 798 sunt
342 740 439 812 atque
458 735 634 810 ἀποκλίσεις.
654 742 692 800 In
715 741 975 816 ,Additamentie
995 742 1034 803 ad
1055 742 1087 802 X
1107 743 1174 804 Lib.
1197 743 1313 805 (livit.”

149 849 316 911 Schneider
350 851 438 912 addit
475 853 600 928 ,possis
629 853 729 914 etiam
760 854 799 915 de
831 855 1038 916 observantia
1068 857 1219 933 cogitare,
1250 872 1314 930 qua

144 964 325 1025 uenientem
349 966 401 1026 vel
425 967 568 1028 stantem
592 968 629 1027 ut
653 968 818 1028 considere
839 968 929 1045 velit,
950 969 1161 1030 invitamus.”
1182 968 1313 1031 Valcke-

143 1093 218 1138 naer
247 1079 291 1150 (in
321 1081 423 1154 ipsius
454 1081 581 1141 schedis
612 1081 710 1155 Lugd.
743 1082 779 1142 Β.
812 1082 1001 1158 asservatis,
1033 1083 1072 1144 de
1101 1083 1217 1156 quibus
1242 1083 1314 1143 vide

145 1189 297 1253 cocetum
324 1194 357 1255 in
384 1195 447 1256 Mn.
471 1196 555 1256 1860
575 1210 605 1270 p.
627 1197 701 1267 352)
722 1196 760 1256 di.
783 1194 977 1267 κατεκκλίσεις
997 1197 1049 1257 vel
1069 1194 1218 1273 ἐκκλίσεις,
1237 1197 1313 1258 Her-

144 1307 311 1367 werdenus
341 1309 453 1368 autem
484 1308 557 1378 (Mn.
592 1309 687 1380 1891)
718 1311 848 1384 propter
871 1310 1058 1372 Aristotelis
1081 1310 1189 1372 locum
1213 1311 1314 1372 consi·

144 1419 256 1480 milem
287 1421 369 1491 lilith.
400 1422 468 1484 Nic.
503 1425 532 1484 9.
566 1424 596 1483 2.
626 1423 645 1482 9
670 1420 870 1482 ὁπανασταίσει
895 1420 945 1482 καί
967 1423 1143 1496 κατακλίσει)
1165 1427 1260 1499 putat
1283 1426 1317 1486 ei

144 1533 311 1595 Platonem
345 1535 514 1610 scripsisse
549 1531 589 1606 ὡς
624 1536 671 1606 (V.
708 1537 754 1607 L.)
790 1532 903 1615 πρέπει,
936 1534 986 1595 καί
1018 1534 1234 1609 ὑπαναστάσεις
1266 1535 1317 1597 καί

143 1646 333 1725 κατακλίσεις,
361 1648 407 1708 ita
436 1650 473 1709 ut
505 1649 629 1710 dictum
660 1651 748 1710 esset
778 1666 835 1724 pro
867 1647 1109 1721 ὑποκατακλίσεις
1141 1651 1236 1723 (quod
1264 1651 1317 1711 hic

144 1762 223 1822 satis
254 1762 445 1836 ambiguum
476 1764 547 1833 est).
581 1764 680 1824 Pauci
707 1763 818 1839 opinor
841 1765 901 1824 has
925 1766 971 1825 0⁸⁸
993 1763 1158 1838 probaturi
1182 1765 1259 1824 eunt
1283 1765 1317 1823 et
1423 1831 1426 1836 ,

144 1876 366 1937 aSchneideri
385 1877 650 1952 interpretatione
671 1877 822 1938 decedere
844 1877 963 1938 volent.
986 1911 1026 1921 -
1048 1878 1122 1938 Mox
1138 1893 1164 1937 c.
1179 1877 1315 1937 stobaeo

141 1989 210 2064 lege
229 1989 342 2069 κουροίς
362 2011 391 2050 ιε
410 2006 467 2065 pro
485 2013 511 2049 κ.
529 2013 579 2070 γες
599 1991 757 2065 particula
776 2012 809 2070 με
827 1991 881 2052 hic
899 1991 993 2066 plane
1013 1991 1228 2052 incommoda.
1248 1990 1316 2066 Quo

141 2104 233 2165 modo
254 2105 346 2166 Plato
365 2106 533 2181 particulis
553 2127 582 2165 ιε
601 2103 744 2164 καί-καί
764 2106 798 2166 in
818 2106 1116 2167 enumerationibus
1137 2105 1187 2165 uti
1203 2104 1315 2181 soleat,

141 2219 178 2278 ad
211 2219 276 2278 329
296 2219 325 2278 A
351 2218 522 2280 declaravi.
546 2220 624 2279 Post
646 2218 808 2303 θεραπείας
831 2235 953 2280 novum
977 2235 1080 2293 genus
1103 2227 1162 2279 νῶν
1186 2227 1317 2298 σμικρῶν

140 2330 275 2409 νομίμων
298 2332 419 2407 incipit.
446 2365 486 2376 -
512 2332 716 2407 optimorum
743 2333 832 2394 codd.
857 2333 931 2394 lect.
956 2330 987 2392 ἐκ
1013 2340 1064 2410 τῆς
1088 2332 1224 2404 παιδείας
1249 2330 1317 2392 ὁποι

142 2443 239 2522 (prob.
282 2447 363 2508 Blrk.
406 2447 500 2508 Schn.
539 2447 650 2507 Herm.
690 2447 789 2507 ceteri
828 2446 977 2516 editores)
1017 2445 1171 2520 explicari
1209 2446 1317 2520 potest

142 2561 204 2623 sic:
237 2557 270 2619 ἔκ
300 2568 351 2638 τῆς
381 2559 517 2631 παιδείας
548 2552 624 2619 είναι
653 2557 689 2618 τὰ
719 2557 849 2636 ἑπόμενα
871 2565 993 2618 τοιαῦτα
1017 2551 1079 2630 σίας
1103 2555 1141 2618 ἂν
1166 2554 1182 2617 ὅ
1207 2555 1316 2629 σκοπὸς

142 2683 191 2752 τῆς
215 2674 351 2746 παιδείας
374 2667 401 2758 ᾖ.
426 2675 657 2736 Schneiderum
681 2675 864 2735 vertentem
895 2689 976 2749 ,quo
990 2688 1195 2734 conversum
1219 2673 1316 2734 luerit

142 2789 298 2862 cuiusque
320 2789 476 2850 educandi
498 2788 639 2865 initium,
664 2788 744 2849 talia
767 2803 839 2849 esse
863 2789 934 2849 etc''
959 2788 1090 2848 omnino
1115 2787 1199 2861 fugit
1218 2786 1318 2847 verba

143 2899 174 2960 ἐκ
192 2908 243 2979 πῆς
263 2901 398 2973 παιδείας
418 2917 482 2963 non
502 2903 542 2962 ad
562 2897 678 2985 ὁρμήσῃ
698 2902 868 2978 pertinere,
889 2903 947 2962 sed
966 2902 1078 2976 utique
1100 2917 1175 2962 cum
1195 2908 1318 2962 τοιαῦτα

144 3013 178 3074 νδι
201 3013 330 3093 ἑπόμενα
353 3008 429 3075 είναι
452 3016 613 3089 iungenda
633 3030 716 3076 esse.
736 3015 806 3073 vam
830 3016 855 3075 L
879 3013 939 3098 ὁπρ
963 3015 1049 3075 male
1068 3016 1131 3075 Ast
1152 3016 1185 3076 et
1204 3014 1316 3076 Stallb.

144 3132 252 3202 (1829)
283 3132 468 3207 probarunt,
501 3131 593 3191 cuius
625 3132 658 3190 ca
688 3125 790 3199 ὁποῖος
813 3131 942 3204 propter
966 3124 1081 3212 ὁρμήσῃ
1105 3129 1183 3190 ferri
1205 3128 1318 3201 nequit

144 3246 183 3307 ob
203 3246 403 3318 eandemque
422 3260 557 3306 causam
576 3244 699 3304 Helleri
719 3244 802 3314 (cur.
824 3244 893 3305 crit.
914 3261 944 3319 p.
969 3245 1019 3314 18)
1037 3247 1070 3304 ca
1086 3238 1165 3304 ὁποῖ’
1182 3248 1237 3315 l:
1249 3241 1317 3327 δπρ)

144 3359 313 3421 reicienda.
334 3359 470 3420 Dobraei
489 3359 587 3434 (prob.
609 3357 773 3418 Herwerd.
794 3357 856 3418 Mn.
882 3357 976 3428 1883)
998 3360 1031 3418 ca
1045 3353 1150 3428 ὁποίας
1163 3354 1201 3416 διν
1213 3361 1262 3417 καλ
1275 3391 1317 3399 -

100 3469 122 3538 C
144 3475 165 3536 i.
187 3489 214 3535 e.
235 3470 264 3545 ἐξ
285 3468 389 3545 ὁποίας
405 3506 445 3514 -
457 3473 702 3546 elegantissima
714 3475 775 3546 est,
789 3473 845 3533 sed
858 3472 994 3533 minime
1006 3462 1235 3554 necessaria'll
1248 3471 1319 3531 Non

145 3588 231 3649 male
262 3587 445 3661 complures
476 3587 564 3648 codd.
596 3584 628 3646 τὸ
655 3585 760 3664 ὅμοιον
789 3583 846 3657 [δν]
876 3587 1039 3662 exhibent,
1063 3586 1232 3660 praeterea
1254 3599 1318 3644 cor·

144 3703 212 3776 rige
236 3698 340 3778 ὅμοιόν
367 3701 475 3774 <ιι>
501 3703 672 3780 παρακαλεῖ.
697 3701 765 3761 Sec.
792 3699 922 3775 (iampb.
947 3701 1018 3760 Par.
1045 3700 1074 3759 A
1095 3696 1128 3757 τὸ
1152 3695 1257 3775 ὅμοιον
1276 3693 1321 3774 ὄν,

145 3831 208 3876 ooo
238 3812 270 3874 ιὸ
302 3812 406 3892 ὅμοιον
437 3815 653 3889 superscripto
685 3810 720 3873 ὁν
752 3814 892 3874 exhibet.
926 3847 966 3857 -
998 3813 1113 3874 Aetius
1135 3811 1319 3886 postulabat

145 3929 173 3989 πί
200 3926 257 4010 γὰρ
289 3925 333 3989 od
364 3943 420 4004 pro
451 3949 474 3986 ι.
497 3951 523 4008 μ.
546 3925 619 4001 οίίκς
643 3943 718 3989 cum
741 3929 853 3988 autem
876 3928 1016 3988 formula
1040 3925 1070 3985 τί
1091 3923 1140 3999 δίς
1163 3927 1238 3986 ante
1262 3922 1320 4000 ἔφη

147 4048 179 4106 et
201 4044 324 4106 similla
347 4043 515 4104 elisionem
538 4042 692 4118 patiatur,
716 4041 893 4102 verisimile
917 4043 969 4102 est
991 4042 1119 4102 Atticos
1144 4040 1243 4100 etiam
1264 4053 1321 4112 pro

147 4159 175 4217 κ’
203 4155 260 4238 γὰρ
290 4154 335 4217 od
366 4158 441 4218 ante
466 4158 613 4218 vocalem
641 4156 751 4216 hiatus
775 4155 898 4215 vitandi
922 4170 1021 4216 causa
1045 4153 1184 4214 scribere
1207 4151 1322 4212 solitos

148 4273 248 4334 luisse
272 4293 344 4351 πμ.
368 4267 446 4332 οίίκ.
465 4305 504 4314 -
522 4271 703 4332 Pronomen
726 4268 795 4328 ιοίδε
819 4282 893 4330 curn
917 4269 994 4328 Par⁰
1019 4268 1048 4327 A
1071 4267 1207 4339 aliisque
1232 4265 1320 4326 codd.

150 4387 328 4448 omiserunt
371 4386 432 4446 soli
466 4385 579 4447 Herm.
614 4383 698 4445 Bait.
735 4383 929 4444 Schmelzer.
965 4380 1042 4440 Mihi
1076 4379 1145 4439 τάδε
1179 4393 1254 4438 σασα
1289 4379 1322 4438 in

149 4499 225 4562 Ραῐ0
251 4500 280 4560 Α
313 4499 472 4561 excidisse
504 4499 642 4574 ridetur,
674 4497 783 4570 itaque
814 4498 901 4557 recte
933 4493 1098 4569 Oampbell
1121 4508 1235 4554 vocem
1259 4507 1322 4554 ser·

150 4616 241 4676 varii
272 4614 343 4676 coll.
368 4615 432 4674 403
453 4613 478 4673 E
500 4611 593 4672 τῶνδε
616 4620 675 4672 ισον
699 4607 843 4689 ἀσκητῶν.
868 4609 996 4686 Optime
1020 4608 1131 4669 autern
1156 4606 1322 4667 Herwerd.
