3260 5098
754 339 815 400 147

193 523 305 587 Stallb.
327 523 451 604 (1858),
472 526 578 603 inepte,
599 541 677 588 nam
697 527 840 601 primum
859 543 923 588 non
943 525 976 586 τὸ
997 521 1160 604 delusioni
1173 533 1225 591 081
1240 527 1367 612 ἀπρεπές

192 661 218 698 τι
249 637 301 717 (cf.
333 640 366 700 in
397 639 417 717 ἕ
448 641 491 700 in.
524 634 565 698 δι’
593 635 756 718 ἀπρέπειαν
780 635 880 717 ὀκνῶ),
905 641 962 701 sed
985 639 1018 700 τὸ
1042 640 1122 703 δειλὰ
1146 637 1231 722 εἶναι,
1255 647 1368 707 deinde

193 769 249 828 per
278 750 498 814 τε-ναλ-παλ
529 769 658 829 semper
686 754 923 827 coniunguntur
946 731 999 815 res
1023 756 1168 817 eiusdem
1192 760 1330 835 generis,
1347 753 1367 830 ¹)

194 869 304 940 itaque
320 869 366 958 ¹(rb
390 869 471 928 duas
494 882 610 928 causas
635 866 710 944 δῆλα
734 868 808 927 hinc
832 867 975 927 alienum
999 871 1059 930 081.
1084 871 1145 931 Pro
1169 869 1250 930 δειλὰ
1270 873 1367 932 Bene·

139 969 171 1034 Ι)
195 981 301 1042 dictus
332 981 429 1055 (prob.
460 980 624 1041 Herwerd.
654 979 716 1040 Mn.
744 980 840 1050 1891)
868 979 938 1040 8180
962 997 1061 1041 08888
1086 983 1124 1043 01.
1150 983 1250 1044 δοῦλύ.
1275 977 1295 1069 ΙΙ
1319 986 1369 1046 Ad

198 1092 273 1171 δῆλα
296 1096 406 1154 mente
425 1093 538 1168 supple
558 1091 601 1152 ύιι
620 1100 711 1151 ταῦτα
732 1091 825 1164 οὕτως
846 1089 909 1170 ἔχει.
930 1093 1003 1154 Mox
1023 1097 1109 1156 recte
1129 1095 1268 1158 6010188
1288 1113 1367 1159 corr.

144 1197 174 1262 Ε
197 1205 413 1284 ἀπηλλάξονται
432 1207 586 1281 probante
606 1206 745 1282 Baitero,
766 1206 806 1266 cs.
827 1207 861 1266 111
881 1204 901 1282 ξ
922 1204 945 1266 O
966 1203 1185 1287 ἀπηλλαγμένοι
1204 1206 1242 1268 iiv
1258 1204 1324 1270 εἷεν.
1345 1204 1365 1295 ΙΙ

194 1322 273 1383 Post
296 1321 399 1393 ζῶντες
421 1322 515 1396 pauci
539 1321 626 1381 codd.
652 1323 685 1380 01
709 1321 867 1382 81018088
890 1322 1235 1384 8088111881818111)0
1257 1323 1368 1405 (1829)

194 1437 359 1512 probante,
391 1435 583 1510 rectissime,
616 1435 679 1495 etsi
711 1436 790 1494 mihi
821 1437 930 1510 gravis
960 1438 1099 1512 suspicio
1129 1440 1242 1501 incidit
1273 1442 1371 1502 verba

194 1558 291 1626 ταφῆς
311 1547 393 1622 ύξίας
413 1546 562 1627 μετέχουσι
583 1550 822 1623 interpolatoris
843 1566 926 1626 0880,
948 1553 1032 1624 quod
1050 1552 1222 1614 Glauconis
1242 1570 1369 1630 respon·

196 1679 271 1724 sum
300 1660 350 1722 καὶ
381 1661 458 1740 μύλα
490 1660 565 1720 naid
596 1660 653 1740 (80.
685 1659 767 1742 γέρα)
798 1663 1034 1754 quodammodo
1066 1664 1257 1729 confirmare
1289 1670 1370 1729 mihi

197 1778 333 1838 videtur.
357 1777 428 1837 Vox
447 1773 533 1856 γέρας
553 1776 624 1836 coll.
646 1777 710 1836 414
724 1778 762 1853 A,
784 1778 879 1851 Legg.
902 1778 1003 1838 94111
1024 1780 1123 1840 etiam
1144 1782 1182 1841 de
1203 1759 1390 1857 sepultura
1413 1790 1416 1796 '

197 1892 334 1952 solemni
357 1891 541 1964 usurpatur.

45 2001 111 2060 466
140 1995 172 2061 A
241 2006 298 2063 Vas
329 2006 391 2064 LL
421 2009 557 2081 ποιοῖμεν
588 2037 629 2044 -
655 2001 840 2079 σκεψοίμεθα
864 2037 897 2044 -
931 2008 1067 2082 ποιοῖμεν
1090 2007 1266 2080 probarunt
1287 2011 1368 2072 Bkk.

197 2119 324 2192 Madvig
346 2119 456 2178 Baiter
484 2116 626 2194 0881818,
654 2118 845 2179 rectissime.
875 2118 948 2179 Mox
969 2119 1172 2194 Hirschigius
1192 2120 1253 2198 (ed.
1274 2124 1367 2199 Gorg.

200 2232 296 2310 1873)
325 2235 395 2294 1880
426 2234 566 2308 correxit
598 2233 628 2292 oi
658 2231 724 2305 ἕξον
747 2249 804 2308 880
828 2225 872 2304 οἷς
896 2209 1294 2312 180888118801108108188
1318 2239 1369 2298 hic

196 2348 425 2409 88118810088.
449 2349 487 2407 18
510 2348 528 2416 ἓ
548 2347 606 2407 811.
631 2347 854 2421 corrigendum
879 2364 994 2409 censeo
1017 2347 1094 2409 πολὺ
1118 2349 1246 2410 καλλίων
1268 2373 1298 2410 ιε
1320 2349 1370 2410 καὶ

145 2460 175 2524 Β
199 2459 336 2539 ἀμείνων.
369 2453 389 2545 Ι(
421 2462 480 2522 Pro
508 2458 557 2519 διδι
581 2460 710 2537 δύναμιν
733 2461 913 2534 Madvigius
937 2462 975 2521 ci.
1001 2461 1151 2539 διαδῦναι,
1174 2464 1270 2539 male,
1294 2480 1368 2524 cum

145 2617 155 2634 .
199 2575 377 2636 διαδύεσθαι
410 2576 476 2636 1080
511 2573 671 2648 significet
708 2575 812 2650 „clam
847 2590 882 2635 80
918 2575 1116 2636 subducere''
1152 2573 1204 2654 (01.
1240 2594 1291 2639 ex.
1322 2593 1368 2652 gr.

198 2690 306 2764 Lysid.
339 2690 445 2751 2161)
468 2687 664 2748 διολισθαίνει
687 2685 737 2746 καὶ
762 2687 914 2748 διαδύεται
937 2683 1024 2765 ἡμᾶς,
1043 2689 1210 2750 Ι)811108111.
1236 2691 1274 2751 de
1299 2689 1368 2752 Cor.

198 2804 218 2881 §
245 2808 317 2882 133,
341 2802 416 2882 8118)
441 2817 501 2865 800
521 2804 653 2877 vulgata
673 2804 839 2879 mendosa,
859 2819 937 2863 nam
956 2804 1092 2876 quisque
1112 2803 1210 2879 φύλαξ
1230 2805 1369 2877 quadam

199 2918 323 2994 δυνάμει
346 2919 511 2993 praeditus
534 2919 595 2993 est,
619 2932 683 2990 qua
706 2919 734 2977 si
759 2917 903 2977 abutitur
927 2913 978 2994 (cf.
1004 2919 1068 2978 434
1082 2916 1119 2994 Β)
1144 2919 1312 2979 civitatem
1337 2919 1370 2979 in

197 3031 375 3106 periculum
399 3032 538 3092 adducit.
563 3028 622 3090 Διὰ
646 3029 775 3107 δύναμιν
800 3031 908 3104 itaque
928 3030 1089 3104 significat
1113 3033 1172 3106 „ob
1191 3033 1370 3107 potentiam

150 3145 175 3212 6
198 3163 224 3208 8.
244 3148 388 3221 80108118
408 3163 467 3207 888
488 3147 622 3229 180188.”
644 3135 664 3228 (Ι
684 3144 777 3205 Α8110
797 3141 847 3202 παλ
866 3145 942 3203 8810
962 3144 1079 3204 παίδων
1100 3145 1220 3205 delenti
1239 3161 1371 3220 prorsus

197 3262 357 3322 assentior
368 3277 409 3322 ne
421 3262 590 3322 Platonem
602 3240 815 3332 ineptientem
828 3258 1208 3330 18018888881881108181
1221 3259 1370 3336 editores,

198 3377 226 3436 si
248 3372 298 3434 καὶ
321 3377 478 3451 servetur,
498 3376 571 3433 tum
591 3369 658 3451 πέρι
677 3371 859 3432 8000888810
881 3367 970 3448 (nam
991 3391 1020 3428 τε
1039 3366 1161 3449 πέρι-
1173 3369 1223 3430 παλ
1243 3388 1372 3448 semper

199 3490 286 3550 valet
316 3490 402 3550 idem
434 3504 472 3549 80
501 3486 570 3565 περί
599 3507 628 3545 ιε
642 3482 745 3544 -ναλ
769 3485 848 3563 περί)
872 3484 973 3544 etiam
997 3484 1037 3544 ad
1061 3483 1177 3542 παίδων
1201 3488 1370 3561 808118080,

198 3605 307 3678 itaque
338 3604 507 3664 Platonem
531 3602 691 3662 dicentem
715 3599 830 3660 secisse
854 3597 1015 3656 κοινωνίαν
1039 3571 1237 3659 intercedere
1260 3599 1371 3660 mulie·

198 3719 287 3779 ribus
310 3733 385 3779 eum
406 3717 485 3777 viris
503 3713 570 3794 περὶ
589 3722 641 3774 τού
662 3712 825 3788 παιδεύειν,
843 3719 897 3771 τοῦ
914 3710 1113 3787 παιδοποιεῖν,
1131 3719 1184 3770 τοῦ
1206 3710 1373 3788 φυλάττειν,

198 3832 291 3906 quasi
310 3846 454 3905 unquam
474 3829 578 3900 παῖδες
597 3828 685 3902 gigni
704 3826 831 3901 possint
850 3826 919 3886 sine
935 3825 1082 3885 mulieris
1095 3828 1127 3886 et
1140 3826 1370 3908 8181808888)

202 3947 339 4007 Ρ808888
369 3945 502 4005 ridicule
531 3945 699 4018 praeterea
728 3937 890 4018 postremi
913 3939 1049 4009 παιδείας
1073 3940 1253 4012 sequuntur
1276 3940 1373 3999 verba

199 4057 265 4138 περὶ
295 4058 423 4136 παίδων,
453 4059 611 4131 tanquam
641 4054 758 4128 aliquis
781 4055 820 4114 de
844 4053 1033 4114 educatione
1056 4053 1145 4127 prius
1174 4053 1373 4113 mentionem

200 4173 345 4234 facturus
376 4173 421 4232 811
443 4187 542 4245 quam
564 4171 603 4231 de
626 4169 856 4244 procreatione.
881 4167 1050 4227 Postremo
1076 4166 1173 4226 verba
1195 4173 1253 4224 τῶν
1277 4161 1374 4225 ύλλων

200 4290 348 4359 (πολιτῶν)
380 4287 428 4347 810
457 4285 590 4346 demum
622 4284 771 4342 idoneam
803 4280 1052 4354 explicationem
1083 4275 1373 4356 nanciscunturzd

199 4400 316 4461 παίδων
346 4401 434 4462 enim
465 4397 585 4459 παιδεία
615 4412 691 4472 pars
722 4398 775 4457 081
796 4404 847 4473 τῆς
870 4403 929 4452 τῶν
952 4396 1079 4452 πολιτῶν
1103 4396 1247 4470 φολαονῆς.
1271 4393 1375 4454 Lotus

235 4647 253 4709 ¹)
272 4649 351 4696 (11.8.
371 4661 392 4695 0.
411 4648 488 4707 Η188.
507 4646 568 4705 1181.
586 4644 634 4691 191
650 4644 680 4701 11,
698 4645 746 4690 304
758 4643 781 4690 (1
799 4645 908 4700 atquae
928 4641 1045 4700 exemplo
1064 4640 1096 4687 ad
1115 4639 1162 4686 899
1177 4640 1199 4684 Α
1216 4638 1367 4697 collegimus
