3278 5098
893 293 934 350 36

324 480 474 556 pastoris,
499 480 551 540 vel
573 479 662 555 mali,
686 480 850 554 proprium
874 481 925 540 est
948 479 1117 555 ποιμαίνειν
1133 473 1164 555 ¹),
1185 483 1220 538 at
1242 484 1294 537 τοῦ
1316 471 1355 547 ὡς
1375 473 1502 554 ἀληθῶς

324 571 464 670 ποιμένος
495 595 526 664 (1.
550 609 578 654 6.
608 587 676 652 καθ’
704 591 776 653 ὅσον
806 591 920 670 ποιμήν
950 590 1038 662 ἐστιν)
1067 591 1207 668 πιαίνειν,
1229 589 1383 668 παχύνειν,
1406 594 1502 668 θερα-

270 707 426 776 Βπεύειν
457 705 491 766 ιὰ
522 706 664 787 πρόβατα.
697 698 717 790 ΙΙ
747 707 808 767 Pro
839 705 937 777 (οὕτω)
969 703 1006 782 δὴ
1038 707 1096 777 (sic
1126 705 1295 780 Eusebius,
1328 704 1400 775 Ast)
1431 703 1502 764 fere

324 836 438 882 omnes
461 821 549 882 codd.
573 822 728 895 praebent
751 816 792 896 δέ,
815 821 925 880 minus
947 822 1044 896 recte,
1068 835 1169 893 quum
1190 817 1266 878 οὕτω
1286 817 1395 878 valeat
1419 818 1504 892 „has

323 935 363 995 ob
394 935 542 995 causas.”
575 934 620 994 De
653 935 749 994 verbo
774 910 857 994 Ιἐστιν
886 935 960 1008 post
989 925 1057 991 καθ’
1093 929 1163 992 ὅσον
1187 928 1261 1009 ἀρχὴ
1285 931 1407 992 omisso
1431 931 1501 993 vid.

272 1051 301 1117 Ε
324 1048 364 1108 ud
390 1048 452 1107 342
466 1048 500 1109 E.
526 1039 546 1130 Η
571 1047 757 1120 Legendum
779 1042 830 1105 aul
853 1043 884 1105 ἐν
905 1047 936 1117 (1.
959 1062 987 1106 6.
1008 1042 1075 1110 adol
1097 1043 1229 1129 ἰδιωτικῇ
1249 1042 1332 1128 ἀρχῇ.
1355 1079 1398 1090 -v
1416 1046 1502 1107 Non-

323 1162 403 1221 nulli
435 1162 524 1222 codd.
557 1159 626 1231 τοὺς
653 1157 775 1233 <ο1ς>
802 1156 923 1236 ἀμαθῶς
953 1156 1107 1238 ἄρχοντας,
1135 1175 1198 1234 quo
1229 1175 1293 1220 non
1316 1175 1407 1237 opus,
1432 1160 1501 1220 vid.

323 1289 406 1347 quae
427 1273 603 1334 schanaius
623 1274 772 1344 (Hermes
792 1274 881 1349 XXI,
905 1273 1000 1343 1886)
1021 1274 1059 1334 de
1080 1270 1201 1350 ἀληθῶς
1221 1275 1255 1334 61
1270 1274 1309 1334 (16
1324 1269 1363 1344 ὡς
1375 1270 1502 1350 ἀληθῶς

324 1387 511 1460 disputavit.
547 1387 585 1446 In
619 1386 735 1447 Politia
766 1387 867 1447 octies
898 1383 1030 1462 ἀληθῶς,
1061 1386 1275 1448 duodetricies
1306 1383 1345 1457 ὡς
1377 1383 1502 1463 ἀληθῶς

324 1500 471 1560 occurrit
504 1500 572 1560 Sec.
605 1500 800 1560 Schanzium
831 1497 952 1575 ἀληθῶς
988 1501 1147 1561 recentior
1178 1501 1283 1561 forma
1303 1503 1368 1562 ¹est
1398 1515 1500 1574 quam

324 1611 363 1685 ὡς
395 1613 527 1691 ἀληθῶς,
557 1631 756 1689 quamquam
779 1617 846 1676 iam
870 1631 920 1691 ap.
945 1617 1108 1690 Aristoph.
1134 1621 1195 1687 (ex.
1220 1631 1266 1690 gr.
1291 1617 1397 1690 nquit.
1424 1616 1501 1684 787)

325 1726 445 1804 ἀληθῶς
477 1731 596 1790 exstat.
621 1729 777 1790 Similiter
800 1730 923 1789 formae
945 1739 984 1812 τῷ
1010 1725 1072 1787 ὄντι
1096 1731 1129 1789 61
1151 1739 1186 1813 τῇ
1211 1727 1338 1812 ἀληθεία
1361 1729 1499 1802 antiqui·

323 1857 395 1902 ores
426 1845 504 1902 sunt
527 1858 625 1915 quam
651 1839 741 1913 ὄντος
765 1839 956 1924 61ἀ1ηθεία.
980 1843 1018 1902 In
1042 1843 1159 1903 Politia
1182 1843 1286 1904 semel
1309 1845 1342 1903 et
1364 1843 1499 1916 quadra·

324 1957 393 2028 gies
416 1965 455 2038 ιῷ
479 1952 541 2015 ὄνοι
561 1959 595 2017 61
614 1959 744 2017 tentum
762 1958 876 2018 novies
895 1953 997 2033 ὄντος,
1016 1957 1294 2030 quinquiesdecies
1313 1966 1349 2040 τῇ
1369 1953 1501 2038 ἀληθείᾳ

324 2069 462 2128 occurrit
492 2066 631 2152 (ἀληθεία
661 2087 725 2131 non
752 2071 937 2140 invenitur).
963 2103 1004 2116 -
1028 2071 1074 2131 De
1097 2072 1206 2131 dativo
1230 2071 1338 2132 Ionico
1363 2068 1500 2129 αι’ποῖσιν

327 2183 473 2242 videatur
498 2181 529 2242 0.
554 2183 660 2243 Ritter
687 2183 988 2257 (Untersuchungen
1012 2183 1091 2244 uber
1115 2184 1216 2244 Plato.
1242 2184 1362 2258 Stuttg.
1390 2183 1499 2259 1888),

324 2297 379 2368 qui
410 2296 484 2356 illas
512 2297 634 2356 formas
657 2297 690 2357 in
714 2313 757 2355 -οι
781 2299 938 2358 exeuntes
961 2297 994 2357 in
1019 2296 1046 2355 V
1068 2298 1204 2371 dialogis
1228 2298 1394 2374 (Phaedro,
1418 2297 1500 2357 Poli-

257 2486 261 2492 ι
325 2409 399 2485 1166,
429 2410 556 2484 Politia,
588 2411 682 2486 Tim„
716 2411 823 2484 Legg.)
856 2413 1000 2484 repertas
1032 2426 1105 2470 esse
1136 2411 1253 2472 docuit.
1278 2410 1413 2471 Politiae
1437 2410 1502 2471 loci

325 2525 402 2582 sunt
419 2523 507 2584 hice:
531 2524 641 2600 3461,
664 2524 766 2584 3881)
785 2527 965 2600 (σμικροῖσι),
986 2524 1089 2584 389Β
1109 2529 1237 2600 (θεοῖσι),
1261 2525 1365 2586 4681)
1385 2522 1502 2594 (νώτοι-

323 2653 370 2696 σιν
396 2654 438 2697 ex
461 2638 579 2713 Hom),
605 2640 669 2699 560
693 2639 718 2697 Ε
742 2637 922 2716 (μεγάλοισι),
948 2638 1011 2697 564
1035 2636 1057 2697 O
1081 2635 1227 2714 (αὐτοῖσι),
1253 2638 1363 2698 6018
1387 2640 1501 2708 (κενεα-

321 2749 448 2829 γορίαισι
468 2767 509 2811 ex
529 2752 624 2825 poeta
642 2751 772 2825 aliquo).
793 2752 830 2811 In
854 2750 1033 2828 „Legibus”
1054 2751 1185 2810 dativus
1205 2751 1333 2811 Ionicus
1346 2751 1501 2823 frequens

323 2866 383 2924 661.
407 2865 445 2923 In
469 2864 603 2925 Politice
627 2865 706 2924 locis
730 2865 948 2949 animadverti
970 2865 1087 2938 ubique
1113 2864 1225 2936 (5640
1248 2867 1393 2939 excepto)
1414 2864 1498 2924 litte·

321 2992 393 3036 ram
425 2990 435 3035 ῑ
468 2980 525 3038 aut
555 2979 744 3052 praecedere
776 2981 833 3038 aut
860 2978 968 3052 sequi:
995 2978 1106 3040 34611
1130 2975 1196 3056 οὐχὶ
1220 2975 1364 3054 αὐτοῖσιν,
1387 2977 1498 3038 8881)

321 3087 369 3153 ἐπὶ
400 3095 547 3169 σμικροῖσι
580 3090 749 3168 παθήμασι,
781 3092 891 3154 389Β
923 3101 962 3174 τῷ
994 3088 1056 3152 ὄντι
1084 3095 1191 3168 θεοῖσι,
1215 3091 1324 3153 56οΕ
1348 3090 1499 3169 μεγάλοισι

321 3200 418 3262 τέλεσι.
452 3204 511 3280 Qui
543 3205 720 3280 euphoniae
752 3221 851 3266 causa
883 3206 1052 3267 Platonem
1085 3206 1132 3267 sio
1167 3206 1336 3280 scripsisse
1370 3205 1496 3280 putant,

323 3316 403 3376 mihi
434 3314 612 3396 ἀγνοοῦντες
644 3320 748 3379 dicere
780 3319 939 3380 videntur.
972 3319 1050 3379 Tres
1078 3321 1155 3379 sunt
1178 3334 1231 3379 res
1254 3319 1291 3382 in
1311 3320 1405 3380 textu
1428 3317 1497 3378 Pla·

321 3431 436 3506 tonino,
473 3446 555 3504 quae
590 3448 609 3492 a
642 3433 720 3491 viris
756 3433 859 3492 doctis
893 3432 1035 3493 nondum
1071 3433 1152 3493 satis
1188 3433 1367 3507 explicatae
1401 3433 1496 3492 sunt:

321 3545 451 3604 dativus
474 3545 603 3605 Ionicus
618 3539 639 3616 ²)
662 3547 865 3619 (praesertim
888 3547 922 3605 in
945 3546 1177 3606 recentioribus
1201 3545 1336 3620 dialogis
1359 3545 1496 3619 obvius),

322 3657 426 3718 forma
457 3659 566 3718 Ionica
597 3655 655 3716 αἰεὶ
685 3660 728 3729 (in
760 3660 910 3719 omnibus
938 3658 1090 3733 dialogis;
1115 3660 1149 3718 in
1173 3659 1354 3719 Phaedonis
1376 3674 1497 3733 papyro

322 3787 419 3846 saepe
443 3768 500 3829 αἰεὶ
525 3773 682 3847 occurrit),
707 3772 817 3833 littera
840 3772 855 3844 ξ
879 3773 912 3832 in
936 3773 1107 3848 praeposit.
1132 3772 1202 3844 ξνν-
1226 3772 1353 3845 (ubique
1373 3771 1495 3846 conspi-

320 3888 400 3954 cua).
435 3884 640 3960 Quamquam
672 3886 764 3947 Plato
795 3886 829 3945 in
860 3886 1077 3947 adolescentia
1108 3885 1290 3959 tragoedias
1326 3885 1496 3960 scripsisse

321 3997 432 4073 fertur,
458 4014 521 4058 non
545 3999 610 4059 illis
633 4001 745 4060 tamen
773 4000 908 4073 poeticis
932 4001 1049 4060 studiis
1073 4014 1171 4058 usum
1195 3999 1375 4060 formarum
1395 3999 1495 4072 epico-

324 4127 397 4171 rum
429 4114 462 4172 et
484 4112 667 4173 Ionicarum
688 4114 913 4187 imputandum
939 4128 1066 4187 censen,
1090 4113 1148 4173 sed
1171 4113 1278 4186 potius
1303 4113 1396 4172 credo
1420 4126 1495 4171 eum

356 4428 376 4494 ¹)
394 4433 555 4492 Quamquam
582 4445 764 4492 nonnunquam
792 4429 841 4493 (ex.
868 4446 906 4492 gr.
928 4430 1015 4492 Lysid.
1041 4433 1088 4480 209
1103 4426 1136 4498 A)
1159 4437 1290 4493 ποιμαὶναν
1312 4431 1381 4482 idem
1404 4434 1443 4481 est
1466 4445 1496 4480 sc

323 4517 469 4575 θιραπιύιιν,
487 4514 529 4560 hic
547 4527 607 4560 vero
625 4518 755 4573 ποιμαίνειν
773 4513 876 4573 proprio
894 4525 972 4559 sensu
990 4514 1174 4572 accipiendum.

354 4585 374 4651 Ε)
392 4591 421 4637 In
440 4605 503 4640 voce
521 4597 634 4656 Ἀθήνησι
652 4593 732 4640 dativi
746 4591 827 4639 Ioniei
843 4592 925 4639 forma
942 4593 1043 4639 mansit.
