3260 5098
679 351 741 411 125

122 537 210 586 νικᾶν
241 529 290 590 καὶ
325 530 360 592 od
393 530 474 612 λήγει
505 537 626 610 optime
657 539 815 610 quantum
847 541 886 600 ad
918 557 1062 605 sensum.
1094 545 1171 606 Mihi
1202 549 1294 610 Plato

121 643 287 717 scripsisse
312 647 439 718 videtur
462 645 512 707 καὶ
536 647 585 708 διὰ
608 658 660 710 τοῦ
679 672 709 709 π.
730 650 779 710 καὶ
798 651 847 712 διὰ
866 655 955 735 ποορ
969 702 1114 716 ........
1135 658 1294 738 ὑπομένων

121 753 195 826 [καὶ]
225 768 311 818 νικᾶν
344 757 415 833 [καὶ]
448 761 484 821 οὐ
515 762 596 842 λήγει
626 768 684 823 κτλ.
717 767 893 840 Postquam
921 767 971 828 καὶ
994 773 1067 846 post
1090 783 1177 832 νικᾶν
1201 777 1292 836 ditto-

118 871 252 945 graphia
275 876 382 934 ortum
408 879 486 952 erat,
512 886 599 936 νικᾶν
622 879 747 939 iactum
770 883 821 940 est
847 893 913 964 νικᾷ
936 886 969 943 et
989 885 1128 945 alterurn
1148 885 1198 946 καὶ
1217 892 1293 951 ante

118 993 191 1065 νικᾷ
212 986 373 1048 intrusum
397 992 448 1049 est
471 992 508 1050 ut
528 1006 600 1051 cum
622 992 770 1071 ξομμαχεῑ
784 996 1034 1073 coordinaretur,
1055 999 1168 1061 deinde
1187 1011 1241 1061 τοῦ
1259 1005 1292 1062 in

118 1093 151 1154 τὸ
174 1100 335 1161 mutatum
348 1104 408 1162 est.
422 1102 502 1179 Quid
515 1105 630 1178 reliqui
643 1107 732 1168 editt.
746 1108 856 1182 legant
867 1111 979 1183 paucis
991 1112 1154 1175 indicabo:
1167 1115 1294 1176 Bekker

118 1211 154 1269 et
171 1211 340 1276 Schneider
359 1217 425 1274 vam
444 1215 532 1277 Luat
551 1216 711 1295 ὑπομένων
731 1232 800 1304 νικᾷ
817 1224 1002 1301 probarunt,
1022 1243 1085 1300 quo
1101 1228 1180 1288 nihil
1192 1229 1291 1290 lucra·

118 1339 202 1388 mur.
222 1328 331 1389 Baiter
351 1331 498 1404 probavit
517 1332 668 1407 Madvigii
688 1333 819 1423 cambd
839 1335 869 1395 dt
887 1335 959 1398 αὐτὸ
979 1348 1086 1418 πεινῆν
1105 1337 1155 1400 καὶ
1171 1341 1203 1400 dl
1220 1341 1292 1403 αι’πὸ

117 1437 221 1519 ῥιγοῦν
240 1440 290 1501 καὶ
309 1443 406 1502 πάντα
416 1490 487 1504 .....
504 1442 674 1525 ὑπομένων,
685 1445 741 1507 κάν
754 1457 879 1522 νικᾶται,
891 1450 928 1511 οὑ
941 1451 1290 1533 ληγεικτλ,1111119,11ο111

116 1549 175 1612 κδιν
203 1565 319 1616 νικᾶται
350 1561 479 1633 propter
509 1563 679 1634 sequentia
709 1562 745 1621 οὐ
777 1563 859 1642 λήγει
890 1563 960 1644 πρὶν
992 1562 1030 1625 div
1053 1563 1072 1646 ἢ
1097 1567 1292 1647 διαπράξηται

117 1669 149 1738 (i.
181 1685 207 1729 e.
232 1669 350 1754 νικήσῃ)
374 1673 550 1733 absurdum
574 1677 634 1736 est.
661 1676 700 1736 H.
727 1677 852 1752 Sauppe
878 1678 1019 1755 (Quaest.
1046 1681 1120 1742 Orit.
1147 1683 1289 1758 Gotting.

118 1783 214 1854 1886)
234 1785 272 1845 ci.
293 1781 343 1842 καὶ
361 1779 401 1844 δι’
423 1785 496 1846 αὑτὸ
516 1792 553 1859 (o.
574 1789 743 1863 Madvigiol
764 1836 838 1850 .....
846 1791 969 1870 πάσχειν
988 1791 1148 1866 ὑπομένων
1168 1795 1289 1874 διανεκῆ

115 1895 153 1955 od
175 1897 256 1977 λήγει
278 1908 337 1959 τῶν
359 1901 515 1979 γενναίαν,
537 1903 738 1976 ingeniosam
762 1905 992 1983 coniecturam,
1013 1910 1070 1969 sed
1089 1909 1175 1969 iusto
1196 1911 1289 1970 auda·

115 2011 244 2073 ciorem.
270 2013 462 2075 Liebholdus
486 2016 516 2087 (l.
530 2017 563 2086 l.)
587 2017 624 2078 ci.
646 2015 696 2076 διὰ
715 2025 768 2077 τοῦ
787 2039 818 2076 π.
838 2016 889 2077 καὶ
909 2017 960 2078 διὰ
979 2019 1069 2100 codd
1079 2068 1149 2080 .....
1170 2022 1290 2102 πάσχων

116 2124 163 2194 (V.
187 2126 233 2196 L.)
257 2123 416 2204 ὑπομένειν
439 2139 508 2212 νικᾷ
531 2127 590 2206 καὶ,
612 2131 698 2191 male
721 2134 808 2208 puio,
833 2134 909 2206 quia
927 2135 1002 2194 tum
1022 2136 1110 2196 Verbi
1130 2134 1291 2214 ὑπομένειν

114 2239 276 2312 objectum
308 2243 369 2302 erit
400 2241 454 2319 τὴν
485 2241 605 2302 ἀδικίαν
635 2260 694 2305 nec
724 2254 811 2304 νικᾶν
846 2249 1028 2325 ,εοωάοοο,”
1057 2252 1205 2325 „conari”
1229 2253 1289 2326 sig·

114 2353 233 2415 nificat.
258 2355 414 2417 Richards
439 2358 575 2432 denique
599 2358 710 2429 (Oiass.
736 2359 814 2420 Rev.
838 2361 934 2431 1893)
954 2362 1113 2438 Madvigio
1133 2381 1289 2427 assensus

113 2482 169 2540 pro
198 2477 258 2528 τῶν
288 2466 434 2548 γενναίαν
460 2470 604 2544 postulat
627 2467 802 2550 ἀγανακτῶν
829 2473 992 2548 „possibly
1016 2475 1095 2534 with
1119 2491 1210 2536 some
1236 2478 1286 2537 ad·

113 2582 247 2644 ditional
279 2585 365 2644 word
396 2585 503 2645 before
533 2581 650 2663 ἀγαν.”,
680 2585 798 2646 oblitus
830 2586 955 2646 scilicet
984 2589 1205 2662 praecedentis
1230 2588 1289 2675 ὅσῳ

113 2695 314 2778 γενναιότερος
344 2690 373 2781 ᾖ.
404 2699 438 2760 si
470 2700 557 2759 enim
587 2700 684 2760 homo
715 2701 833 2775 probus
866 2697 971 2779 ἀδικεῖ,
992 2702 1095 2776 ipsius
1117 2703 1289 2782 γενναιότης

113 2826 188 2872 eum
224 2813 309 2886 cogit
342 2814 382 2873 ad
417 2828 555 2889 poenam
589 2813 726 2874 libenter
756 2815 906 2890 dandam,
943 2816 993 2874 sin
1025 2817 1112 2876 idem
1145 2813 1289 2877 ἀδικεῖται

112 2926 226 2987 eadem
257 2925 428 3005 γενναιότης
459 2928 605 3002 prohibet
635 2927 809 3001 quominus
840 2930 878 2988 ut
905 2929 1002 2988 bomo
1027 2926 1153 3008 ἀγεννὴς
1177 2932 1287 2993 omnia

65 3026 89 3087 Ι)
112 3038 228 3112 ignave
251 3041 458 3114 perpetiatur.
484 3033 503 3124 ΙΙ
527 3040 652 3101 Nabero
675 3040 810 3126 (domm.
836 3042 917 3103 Plat.
942 3043 1090 3114 111864,
1116 3045 1288 3129 corrigenti

116 3152 197 3226 [ὑπὸ]
223 3161 275 3214 τοο
300 3152 390 3233 λόγον
410 3168 475 3214 non
499 3155 670 3229 assentior,
695 3155 771 3228 quia
795 3155 888 3216 Plato
910 3171 975 3216 non
998 3155 1088 3236 λόγον
1111 3172 1185 3218 curn
1205 3163 1293 3236 νομεῖ

113 3269 304 3345 composuit,
320 3269 385 3338 ,sed
407 3267 440 3328 τὸ
462 3241 659 3348 πραϋνὺῆναι
682 3267 785 3346 θυμὸν
807 3267 867 3329 ὑπὸ
890 3278 943 3329 τοῦ
967 3269 1057 3350 λόγου
1081 3287 1156 3332 cum
1179 3281 1218 3355 τῷ
1238 3292 1288 3351 πρ.

110 3382 189 3443 κύνα
220 3380 280 3442 ὑπὸ
311 3380 434 3461 νομέοος.
467 3419 508 3428 -
539 3384 680 3457 Vulgata
702 3382 797 3442 καίτοι
819 3377 843 3462 γ’
870 3386 1020 3458 corrupta
1043 3386 1112 3446 est:
1136 3387 1194 3444 aut
1218 3386 1288 3446 dele

109 3492 133 3578 γ’
158 3514 234 3559 cum
260 3498 352 3559 Vind.
377 3499 413 3558 .ῘὺῙ
441 3502 499 3559 aut
520 3499 591 3572 lege
615 3496 709 3556 καίτοι
733 3494 764 3555 ἕν
787 3518 819 3575 γε
842 3505 877 3580 πᾷ
897 3501 956 3558 κτλ.
978 3498 1128 3584 Praestat
1148 3498 1287 3560 fortasse

109 3610 160 3671 καὶ
183 3611 239 3692 γάρ
255 3634 300 3672 τοι
320 3613 504 3673 rescribere.
525 3612 645 3672 Deinde
665 3611 736 3671 dele
749 3611 846 3671 verba
867 3609 963 3689 ὥσπερ
986 3608 1137 3688 ποιμένων
1156 3611 1287 3684 πόλεαςε

109 3728 255 3802 primum
285 3725 396 3798 πόλεως
426 3728 500 3802 post
531 3726 629 3786 verba
660 3722 691 3784 ἐν
721 3734 756 3808 τᾷ
787 3720 837 3802 cip.
871 3724 954 3784 πόλει
978 3741 1110 3800 prorsus
1134 3726 1286 3804 otiosum,

110 3841 225 3903 deinde
245 3842 443 3916 comparatio
462 3842 514 3901 est
533 3841 613 3900 haec
632 3839 681 3898 δεῖ
694 3837 764 3909 τοὺς
784 3836 960 3916 ἐπικούρους
981 3847 1039 3898 τῶν
1055 3835 1119 3918 ἄρχ’.
1132 3837 1287 3917 ὑπηκόους

110 3947 189 4015 εἶναι
220 3954 317 4033 ὥσπερ
347 3954 441 4025 κύνας
471 3951 632 4031 ποιμένων,
657 3968 721 4014 non
745 3952 794 4011 δεῖ
811 3973 835 4014 τ.
861 3950 936 4013 ἐπικ.
961 3951 1058 4031 ὥσπερ
1084 3953 1177 4026 κύνας
1201 3951 1288 4026 ὄντας

109 4067 203 4146 ὑπηκ.
227 4062 384 4128 εἶναιτῶν
408 4065 558 4147 ἀρχόντων
582 4065 678 4145 ὥσπερ
702 4086 763 4127 ποι.
789 4062 884 4125 όντων
903 4071 991 4137 (nam
1016 4082 1082 4127 non
1106 4068 1192 4128 aliud
1211 4068 1287 4141 quid

110 4184 245 4256 vulgata
279 4181 461 4256 significat).
493 4181 579 4241 Astii
609 4184 668 4240 cam
699 4173 756 4239 ἀλλ’
790 4169 809 4256 ἧ
840 4195 897 4254 pro
921 4180 1053 4253 vulgato
1078 4174 1135 4238 ἀλλ’
1164 4179 1190 4240 εἰ
1212 4196 1287 4241 oum

66 4297 305 4361 dSohneidero
332 4313 417 4357 unus
440 4295 552 4356 Stallb.
577 4295 686 4365 (1858)
709 4309 773 4354 non
797 4295 926 4368 recepit.
953 4285 972 4377 ΙΙ
997 4293 1102 4354 Unius
1126 4295 1193 4356 cod.
1219 4290 1286 4359 El.

109 4409 186 4491 πρὸς
208 4418 262 4470 τοῦ
281 4415 447 4491 λογιστικοῦ
467 4424 581 4470 omnes
600 4409 690 4468 editt.
711 4410 798 4468 recte
818 4407 1002 4482 probarunt.
1024 4406 1057 4467 F.
1079 4407 1118 4467 K.
1141 4408 1287 4470 Hertlein

110 4527 225 4588 contra
249 4524 365 4596 OEleck.
390 4524 459 4584 Jbb.
487 4523 572 4583 1872
600 4522 650 4582 bd.
682 4523 755 4591 105)
783 4522 982 4594 reliquorum
1004 4521 1092 4581 codd.
1114 4519 1286 4582 lectionem

110 4661 141 4698 π.
177 4636 216 4698 τὸ
251 4636 415 4717 λογιστικὸν
446 4638 620 4698 defendens
652 4637 787 4697 contulit
819 4633 960 4708 Thucyd.
992 4634 1024 4693 Π
1049 4635 1067 4694 2
1099 4633 1180 4714 παρά
1212 4658 1288 4714 τινα,
