3260 5098
705 367 710 378 ,
832 307 894 366 154

271 494 339 568 est;
365 508 438 553 cum
464 494 550 554 enim
575 494 758 555 subiectum
782 492 824 564 (τὸ
848 492 1018 571 παράδοξον
1037 501 1125 553 τοῦτο
1148 493 1181 553 in
1205 495 1268 554 472
1293 493 1332 563 Α)
1358 493 1448 554 verbi

270 603 365 684 μέλλει
394 608 428 667 in
459 608 616 680 proximis
647 607 727 682 ipsis
757 608 869 668 iluotui
900 609 1122 682 comparatum
1147 608 1191 667 sit
1214 622 1315 681 eaque
1339 607 1447 681 imago

274 735 351 780 vooe
374 720 567 780 κατακλύσειν
591 721 672 780 satis
697 736 856 795 superque
879 722 913 782 in
937 721 1121 782 auditorum
1146 721 1339 782 memoriam
1359 736 1447 781 revo-

275 836 375 909 cetur,
407 849 471 894 non
502 835 642 895 adducor
674 838 710 894 ut
741 836 870 896 credam
899 835 1078 911 Platonem,
1102 835 1259 907 tanquam
1283 835 1446 895 rhetorem

274 947 433 1008 tumidam
466 949 644 1008 orationem
675 949 866 1024 sectantem,
898 948 1033 1023 imagini
1064 949 1242 1022 imaginem
1265 949 1446 1022 superaddi·

273 1063 376 1135 disse;
412 1064 580 1135 praeterea
614 1061 817 1136 significatus
852 1063 940 1123 vocis
975 1059 1094 1141 ἐκμελεν
1126 1059 1178 1139 (os.
1210 1061 1306 1121 Hom.
1331 1060 1446 1134 Odyss.

277 1179 326 1236 16.
352 1177 426 1250 345,
458 1175 507 1235 18.
532 1173 586 1252 35)
619 1176 768 1252 violatur,
800 1177 915 1250 quippe
946 1176 1028 1251 quod
1053 1173 1172 1255 ἐκμελᾶν
1201 1176 1336 1236 minime
1358 1175 1446 1236 idem

275 1289 363 1350 valet
396 1305 433 1350 ao
466 1287 612 1365 καχάζειν,
648 1290 710 1350 etsi
737 1291 868 1364 fortasse
899 1291 972 1361 (vid.
1005 1291 1125 1352 Polluo.
1158 1293 1188 1352 6.
1221 1292 1294 1360 119)
1325 1287 1447 1368 ἔκμελως

274 1417 389 1476 parum
420 1403 527 1464 differt
557 1420 576 1464 a
608 1405 674 1464 risu
706 1405 878 1466 Sardonioo
909 1406 942 1465 et
968 1408 1074 1466 κλκτεῖ
1092 1401 1202 1484 γέλωτι.
1227 1405 1271 1465 De
1294 1403 1447 1464 fluctibus

274 1516 534 1593 scintillantibuS,
569 1534 632 1578 αοκ
666 1519 705 1578 de
740 1519 841 1578 maris
878 1519 1033 1581 caehinno
1066 1523 1154 1599 γελᾶν
1189 1521 1272 1594 apud
1307 1519 1447 1581 Graecos

273 1630 452 1707 adhibetur,
478 1633 549 1692 vide
581 1648 632 1692 err.
657 1647 702 1705 gr.
727 1632 878 1707 Aeschyl.
903 1633 1010 1694 Prom.
1035 1635 1077 1694 89
1101 1633 1230 1694 ποντίων
1253 1655 1281 1692 τε
1305 1633 1446 1710 κυμάτων

273 1741 503 1822 ἀνήριθμον
544 1742 726 1824 γέλασμα.
768 1747 994 1822 interpolatori
1034 1748 1133 1821 igitur
1167 1749 1341 1808 reddantur
1374 1763 1444 1809 sua.

274 1857 482 1919 Herwerdeni
505 1859 538 1919 <ta
558 1859 631 1930 (Mn.
655 1857 751 1938 1883)
772 1858 798 1919 εἰ
815 1856 866 1918 καὶ
885 1857 979 1937 μέλλει
998 1858 1120 1940 ἕκγελώς
1138 1857 1168 1920 τέ
1186 1883 1229 1933 τις
1241 1858 1289 1920 καὶ
1303 1858 1408 1933 ἀδοξία
1424 1855 1445 1932 1)

273 1969 398 2049 ἀτεχνῶς
433 1971 530 2051 ὥσπερ
563 1980 643 2050 κῦμα
677 1973 870 2033 κατακλύσειν
899 1973 1107 2036 difficultates
1137 1990 1201 2035 non
1230 1978 1379 2036 removet
1412 1977 1446 2036 et

272 2084 359 2145 iusto
381 2086 532 2146 audacior
555 2088 615 2146 est.
640 2087 796 2147 Richards
813 2086 927 2165 (Olaaa
951 2089 1029 2149 Rev.
1058 2086 1154 2166 1893)
1179 2090 1216 2151 oi.
1241 2105 1297 2163 pro
1321 2087 1445 2169 ἐκγελῶν

217 2197 248 2261 Ι)
273 2195 471 2275 innodato,
504 2215 566 2272 quo
589 2200 634 2259 nil
657 2194 1075 2285 proficimusllltiohardso
1100 2199 1214 2280 (Class.
1239 2202 1317 2264 Rev.
1348 2203 1444 2274 1893)

272 2312 450 2387 postulanti
478 2309 528 2370 καὶ
556 2321 647 2371 ταῦτα
672 2318 737 2388 (pro
761 2312 810 2374 καὶ
833 2319 930 2386 τοῦτο)
953 2318 1040 2376 recte
1065 2315 1228 2391 dampbell
1252 2317 1446 2378 adversatus

273 2427 333 2486 est.
349 2459 388 2470 -
403 2425 477 2486 Mox
501 2427 634 2500 vulgata
654 2426 688 2486 αἱ
707 2425 813 2488 πολλοὶ
836 2426 965 2504 (φύσεις)
989 2430 1099 2504 procul
1123 2429 1217 2490 dubio
1239 2430 1355 2491 vitiosa
1375 2434 1443 2491 est:

272 2542 445 2613 quominus
469 2542 556 2600 enim
580 2541 636 2600 illa
659 2542 757 2603 verba
788 2543 857 2603 sive
881 2559 937 2617 per
954 2544 1114 2618 plurimae
1138 2545 1207 2604 sive
1230 2559 1286 2618 per
1307 2545 1446 2619 volgares

273 2654 330 2724 (sio
371 2655 490 2725 Baiter)
528 2657 694 2716 vertamus
728 2656 857 2730 linguae
893 2672 972 2717 usus
1007 2657 1152 2733 impedit,
1187 2657 1253 2717 illic
1288 2658 1444 2719 nimirum

272 2767 364 2829 Plato
395 2770 574 2844 scripturus
603 2770 710 2830 fuerat
740 2769 771 2829 οἱ
797 2768 900 2830 πολλοὶ
932 2771 1055 2859 omissa
1086 2787 1163 2832 voce
1194 2771 1308 2847 φύσεις,
1339 2772 1391 2833 hic
1415 2770 1446 2830 ai

271 2879 401 2961 πονηραὶ
432 2883 537 2959 φύσεις
567 2886 604 2943 ut
635 2884 828 2945 Liebholdus
860 2883 978 2962 (Fleok.
1002 2885 1072 2946 Jbb.
1100 2886 1195 2956 1888)
1226 2886 1445 2960 reponendum

272 2996 409 3056 censuit.
428 2997 485 3056 ,At
514 3000 604 3072 patet
634 2999 805 3084 unicuique
837 3000 1006 3060 Platonem
1037 2999 1178 3060 voluisse
1209 3000 1310 3060 arceri
1340 3015 1447 3060 οακααε

272 3110 315 3169 ad
343 3124 445 3170 titiam
468 3109 582 3187 φύσεις,
611 3127 693 3185 quae
716 3110 802 3189 χωρὶς
826 3107 870 3189 ἐφ’
896 3110 1033 3192 ἑκάτερον
1056 3113 1240 3192 πορεύωνται
1263 3115 1284 3174 i.
1310 3129 1337 3174 θ.
1362 3129 1445 3186 quae

272 3223 341 3282 aive
371 3225 598 3286 tantummodo
629 3225 790 3301 φιλόσοφοι
821 3227 890 3286 sive
913 3223 1059 3286 πολιτικαὶ
1082 3229 1212 3287 tantum
1236 3228 1312 3303 sint,
1336 3228 1445 3300 itaque

272 3350 331 3396 neo
362 3337 527 3399 Liebholdi
551 3339 583 3415 (l.
607 3338 641 3416 1.)
675 3355 779 3413 neque
811 3340 919 3414 Apelti
951 3338 1069 3418 (illecti.
1099 3340 1169 3401 Jbb.
1197 3340 1282 3400 1890
1306 3342 1356 3402 bd.
1382 3342 1443 3402 141

273 3450 417 3542 611893ι
445 3451 595 3523 111147)
628 3448 846 3530 coniecturam
879 3452 923 3524 (αἱ
949 3450 1106 3525 πολιτικαὶ)
1139 3469 1250 3515 veram
1275 3469 1357 3530 esse,
1388 3456 1446 3515 sed

272 3565 368 3624 unius
391 3565 543 3639 Madvigii
566 3565 600 3624 αἱ
619 3564 708 3645 χωλοὶ
732 3566 846 3642 φύσεις,
869 3582 967 3639 quam
991 3567 1068 3627 licet
1091 3583 1205 3628 omnes
1224 3568 1445 3644 improbarint,

271 3693 330 3751 ego
361 3679 529 3741 defendere
560 3696 624 3740 non
656 3682 812 3741 desistam
846 3681 917 3741 coll.
950 3697 1001 3741 err.
1026 3696 1072 3754 gr.
1098 3682 1212 3742 5351)
1242 3689 1359 3760 πρῶτον
1383 3679 1447 3760 μέν,

271 3786 364 3869 εἶκον,
387 3793 548 3876 φιλοπονία
572 3793 608 3854 οὐ
631 3793 754 3872 χωλὸν
778 3793 827 3852 δεῖ
845 3787 921 3853 εἶναι
944 3792 995 3853 τὸν
1019 3790 1183 3870 ἁψόμενον,
1205 3793 1240 3853 τὰ
1264 3791 1317 3872 μὲν
1340 3790 1446 3872 ἡμίσεα

272 3904 448 3983 φιλόπονον,
470 3905 505 3966 τὰ
529 3903 561 3966 δὲ
583 3903 689 3985 ἡμίσεα
709 3904 834 3982 ἄπονον,
857 3909 1017 3968 Phaedon.
1041 3907 1119 3968 ’ΠΕ
1139 3904 1212 3966 ἀλλὰ
1230 3908 1322 3991 ταύτῃ
1346 3905 1446 3986 χωλὴ

271 4016 350 4078 ἔσται
381 4014 400 4096 ἡ
432 4020 561 4097 φύσις,
584 4021 666 4081 aliie.
695 4019 734 4079 Τὸ
758 4019 852 4098 χωλὸν
875 4028 926 4098 τῆς
949 4029 1008 4080 τῶν
1031 4017 1182 4099 ἀρχόντων
1206 4021 1323 4097 φύσεως
1348 4019 1447 4082 efficit

271 4134 308 4193 ut
341 4148 404 4198 non
435 4136 503 4196 toto
535 4150 668 4195 munere
699 4134 885 4209 fungantur,
917 4135 974 4194 sed
1005 4133 1137 4195 dimidio
1167 4135 1308 4210 tantum,
1336 4135 1446 4208 itaque

270 4262 345 4309 oum
369 4249 507 4310 debeant
529 4243 570 4308 ἐντ’
597 4246 749 4328 ἀμφότερα
771 4249 867 4310 amal
894 4249 1055 4324 accedere,
1080 4248 1257 4323 separatim
1280 4241 1325 4325 ἐφ’
1350 4245 1447 4307 ἑκάτε-

268 4383 322 4442 ρον
346 4364 476 4424 tantum
499 4364 670 4437 proaedere
693 4362 829 4437 possint.
856 4396 896 4406 —
920 4363 999 4432 1οὲ
1023 4363 1092 4423 1111.ι
1107 4360 1246 4423 Oobetus
1269 4359 1445 4440 (notams.)

305 4603 324 4668 ι)
341 4607 425 4653 Verba
440 4607 534 4665 Ικγιλώς
551 4605 575 4652 τέ
591 4622 625 4660 τις
644 4609 669 4653 et
686 4604 767 4660 ἀδοξία
784 4607 811 4654 in
828 4621 879 4655 uno
897 4607 985 4655 codiee
1003 4603 1177 4672 (interpolato)
1195 4609 1341 4656 occurrunt.
