3278 5098
753 281 796 342 45

185 473 283 545 ψυχῆς
313 459 390 528 είναι
420 470 615 546 δικαιοσύνην
642 475 700 529 κτκ.
724 472 762 529 In
785 470 943 543 proximis
967 485 1043 530 vero
1068 475 1147 546 (opp.
1172 471 1245 547 XX,
1270 471 1359 542 XXI)

187 582 443 662 διωμολογήσαντο
474 585 524 654 (cf.
558 588 622 647 350
635 586 671 656 D)
702 582 756 661 τὴν
788 585 982 662 δικαιοσύνην
1013 581 1120 662 ἀρετὴν
1143 577 1229 662 εἶναι,
1251 582 1305 661 τὴν
1330 581 1362 644 δὲ

185 693 305 756 άδικίαν
336 697 443 758 κακίαν
474 699 524 770 (of.
556 701 589 760 et
623 700 686 760 348
699 703 735 776 ο),
762 715 827 773 qua
851 699 1063 760 conventione
1086 713 1172 758 nuno
1194 700 1296 758 utitur
1320 700 1360 762 ad

183 811 474 874 demonstrandum
501 813 608 887 justos
639 809 761 890 άμεινσν
792 813 846 889 ζῆν
873 812 924 884 (of.
951 812 1063 882 3521))
1088 826 1187 885 quam
1210 813 1312 872 iniust
1333 828 1359 873 s.

186 923 220 984 Si
249 923 347 998 igitur
377 925 410 984 in
441 925 548 986 verbis
571 924 616 995 (Ε)
641 912 755 1003 ἀνάγκη
779 921 837 1003 άρα
861 933 938 1007 κακῇ
961 934 1044 1009 ψυχῇ
1068 933 1165 997 κακῶς
1189 921 1288 1004 άρχειν
1310 924 1361 985 κα1

187 1033 388 1115 ἐπιμελεῖσθαι
407 1039 438 1109 (1.
452 1054 479 1099 ο.
501 1039 564 1115 ζῆν)
584 1041 634 1097 κτλ
653 1054 710 1113 pro
729 1047 806 1122 κακη
826 1037 1035 1099 substitueris
1055 1036 1154 1121 άδίκη,
1165 1040 1360 1101 obtinebitur

185 1151 348 1214 conclusio
374 1146 394 1228 ρ)
418 1147 472 1229 μὲν
495 1147 552 1230 άρα
576 1151 676 1211 δικαία
700 1149 783 1229 ψυχὴ
807 1141 841 1211 εδ
865 1150 1011 1230 βιώσεται,
1033 1161 1130 1224 κακῶς
1154 1149 1187 1212 δὲ
1209 1149 1226 1212 δ
1249 1148 1360 1224 άδικος.

186 1266 371 1340 Legendum
402 1266 501 1341 igitur
531 1281 646 1329 censeo
677 1267 740 1328 sio:
775 1264 895 1346 Οὐκοῦν
927 1262 1034 1345 άρετην
1061 1288 1094 1345 γε
1117 1265 1362 1345 συνεχωρήσαμεν

186 1371 263 1439 εἶναι
275 1378 481 1455 δικαιοσύνην
503 1383 561 1439 κτλ.

51 1489 104 1546 354
130 1483 161 1550 A
230 1492 354 1554 Nabero
374 1492 509 1564 (Gomm.
531 1493 613 1554 Plat.
634 1495 651 1556 I
672 1495 767 1564 1862)
790 1494 962 1568 corrigenti
982 1485 1005 1553 ὦ
1022 1493 1146 1573 μακάριε
1160 1493 1360 1573 [Θρασύμαχε]

184 1621 249 1666 non
280 1607 450 1682 assentior,
482 1607 558 1680 quia
589 1608 662 1682 post
694 1608 861 1668 vocativos
892 1598 914 1666 ὦ
946 1596 1079 1685 μακάριε,
1108 1597 1363 1683 δοννμάσιε,ὦ

185 1717 320 1796 δαιμόνιε
354 1721 487 1781 uomina
521 1720 648 1795 propria
683 1721 759 1782 ferri
793 1736 889 1796 posse
919 1721 1034 1782 iudico.
1066 1720 1115 1780 Px
1146 1720 1362 1795 Aristophane

185 1837 296 1907 (quem
323 1835 430 1908 isqui
454 1835 623 1896 Platonem
646 1834 736 1911 legit,
761 1836 946 1897 recordetur
969 1849 1101 1896 neeesse
1125 1837 1185 1904 esi)
1208 1833 1364 1895 nonnulla

185 1925 337 2021 exempla
358 1962 525 2021 promam:
549 1948 583 2009 in
607 1949 745 2009 Acheru.
767 1939 790 2007 ὦ
809 1942 989 2027 τρισμακάρι’
1017 1945 1182 2027 Εὐριπίδη
1202 1949 1235 2008 1ο
1256 1947 1362 2024 Equit.

188 2061 251 2122 147
284 2053 307 2120 d
338 2060 463 2138 μακάριε
489 2058 714 2134 &tiemonem
739 2063 772 2122 in
795 2063 856 2124 hv.
884 2062 968 2123 1638
993 2052 1016 2121 ὦ
1041 2054 1165 2139 δαιμόνι’
1192 2058 1364 2140 ἀνθρώπων

187 2173 344 2234 Πόσειδον.
376 2176 461 2236 Raro
492 2176 622 2249 quidem
649 2177 809 2238 eiusmodi
832 2177 990 2238 vocativis
1013 2177 1146 2238 nomina
1173 2180 1284 2252 (eaque
1309 2193 1365 2251 per

185 2288 433 2364 appositionem,
465 2289 502 2348 ut
531 2289 578 2349 ita
609 2289 726 2365 dicam,
755 2289 937 2363 aliquando)
961 2290 1131 2365 adduntur,
1156 2292 1191 2351 at
1214 2291 1365 2365 exempla

184 2404 298 2462 tamen
331 2403 511 2462 occurrunt.
543 2402 700 2463 Similiter
730 2418 780 2478 ap.
813 2403 1064 2477 Aristophanem
1096 2405 1162 2464 fere
1190 2395 1365 2478 semper&

185 2514 381 2592 κακόδαιμον,
411 2506 434 2574 ά
463 2510 576 2594 πονηρέ
606 2517 700 2578 obvia
716 2509 808 2578 'sunt
838 2517 927 2578 nullo
961 2518 1092 2578 uomina
1124 2517 1242 2593 addito,
1274 2519 1309 2576 at
1332 2517 1365 2577 iu

185 2631 368 2705 vesparum
392 2629 462 2690 init.
484 2620 507 2689 ὦ
526 2628 711 2708 κακόδαιμον
732 2627 860 2708 Ξανθία,
878 2633 912 2692 in
932 2632 1033 2692 Ranis
1047 2622 1069 2690 ὦ
1081 2623 1185 2708 πονήρ’
1202 2627 1364 2708 Εὐριπίδη.

186 2743 297 2804 Etiam
328 2743 487 2804 vocativis
519 2734 541 2802 ὦ
571 2741 687 2822 κότνια,
715 2735 737 2804 ὦ
760 2743 879 2804 πότνιαι
901 2760 1133 2819 nonnunquam
1156 2744 1289 2805 nomina
1313 2743 1363 2805 ad·
1390 2756 1397 2764 ·

186 2858 318 2918 duntur.
350 2857 436 2917 Nihil
459 2857 558 2917 refert
583 2858 667 2919 sitne
691 2859 810 2919 ironioe
835 2859 958 2919 dietum
982 2874 1100 2934 neone;
1125 2874 1166 2919 an
1189 2860 1286 2933 putas
1308 2857 1365 2918 illa

185 2963 211 3030 ὦ
242 2963 420 3050 τρισμακάρι’
456 2968 619 3049 Εὐριπίδη,
643 2961 666 3030 ὦ
689 2965 841 3051 γλυκύτατ’
870 2969 1022 3050 Εὐριπίδη
1045 2973 1079 3033 in
1103 2971 1365 3033 Acharnensibus

183 3085 271 3146 serio
301 3059 388 3144 diota
418 3086 515 3145 esse?
547 3084 617 3146 Non
644 3083 766 3145 infitias
789 3085 841 3146 ibo
864 3085 1053 3160 plerumque
1079 3088 1153 3162 post
1176 3077 1199 3144 ὦ
1223 3084 1369 3162 δαιμόνιε,

184 3190 210 3258 ὦ
242 3197 376 3277 μακάριε,
406 3198 480 3274 alia,
512 3199 644 3259 nomina
674 3199 802 3273 propria
833 3199 947 3260 abesse
979 3202 1012 3260 et
1038 3215 1135 3274 saepe
1158 3201 1232 3274 post
1256 3189 1367 3276 ὦγαθέ,

186 3304 213 3372 ὦ
245 3308 379 3390 βέλτιστε,
406 3302 429 3370 ὦ
453 3309 530 3388 φίλε,
552 3303 575 3370 ὦ
599 3308 696 3389 άριστε
719 3327 818 3387 prave
842 3328 861 3372 a
884 3313 1023 3374 librariis
1047 3313 1171 3374 inserta
1194 3313 1306 3388 fuisse,
1331 3313 1366 3372 at

184 3440 253 3486 nou
286 3425 459 3486 concedam
490 3426 609 3499 ubique
639 3428 713 3500 post
741 3417 764 3485 ὦ
788 3425 922 3514 δαιμόνιε
945 3429 979 3489 et
1003 3417 1025 3486 ὦ
1049 3425 1173 3504 μακάριε
1189 3420 1209 3496 ¹)
1234 3427 1366 3486 nomina

184 3539 324 3600 delenda
347 3555 429 3616 esse,
454 3539 540 3600 sicut
563 3537 702 3601 Cobetus
716 3534 737 3611 ²)
762 3543 795 3602 et
817 3541 923 3602 Nabar
945 3542 1108 3616 putarunt.
1134 3539 1268 3600 Parme
1289 3539 1366 3599 licet

184 3653 269 3714 illud
291 3654 335 3724 (in
359 3655 423 3714 344
436 3654 473 3724 D)
498 3644 521 3712 ὦ
546 3653 680 3730 δαιμόνιε
706 3654 881 3733 Θρασύμαχε
904 3671 960 3729 per
983 3654 1219 3729 appositionem
1242 3653 1365 3713 dictum

185 3781 263 3828 esse
294 3767 453 3843 arbitrari,
485 3767 542 3828 sed
573 3783 706 3828 neeesse
737 3784 801 3829 nou
834 3771 893 3829 est.
922 3769 1001 3829 Post
1031 3758 1143 3847 ὦγαθέ,
1166 3758 1189 3827 ὦ
1213 3756 1367 3845 άριστε,ὦ

186 3877 317 3959 φέριστε,
336 3871 359 3939 ὦ
376 3877 501 3959 βέλτιστε
514 3881 624 3942 sedulo
637 3883 769 3943 nomina
781 3883 992 3956 exstirpanda
1003 3885 1090 3958 suut,
1102 3883 1176 3956 post
1188 3879 1368 3956 σοφώτατος,

186 3993 338 4072 φίλτατος,
366 3994 431 4056 alia
460 3995 536 4056 ferri
562 3999 708 4069 possunt.
734 3996 812 4056 Post
836 3997 980 4057 couvioia
1003 3996 1112 4071 qualia
1136 3986 1158 4054 ὦ
1182 3991 1369 4071 εὐηθέστατε,

187 4099 212 4168 ὦ
245 4103 439 4186 ἀμαθέστατα,
470 4109 542 4186 alia,
567 4111 712 4184 praestat
735 4111 868 4171 uomina
891 4111 1000 4172 deleri.
1026 4110 1071 4171 df.
1095 4123 1178 4181 quae
1202 4107 1241 4168 ad
1266 4107 1367 4166 33911

190 4296 409 4307 .—.—————-

224 4424 246 4493 ¹)
265 4429 304 4475 ol.
322 4428 431 4488 Euthyd.
451 4431 529 4477 ³030
547 4425 692 4496 ὦμαιιάριοι
710 4432 761 4493 σφὼ
778 4439 818 4491 τῆς
835 4437 975 4490 θαυμαστῆς
991 4432 1085 4490 φάσεως.

224 4504 248 4570 ²)
272 4508 354 4564 Quem
377 4512 403 4556 et
426 4508 567 4557 Sohsnzius
591 4505 701 4575 (Pestgr.
724 4511 748 4558 d.
771 4510 915 4559 Phileas
935 4524 956 4556 κ.
973 4509 1074 4558 Wrirzb.
1094 4504 1169 4570 1861)
1186 4507 1219 4552 ob
1240 4519 1296 4552 eam
1314 4519 1368 4552 rem

190 4586 368 4650 reprehendit.
