3260 5098
820 295 861 359 94

254 482 365 568 ἀπορίμ
384 488 471 562 prob.
493 486 717 557 stallbuaea)
746 486 828 546 Bait.
851 485 981 562 (iampb.
1002 487 1109 564 (dubl,
1131 502 1194 548 non
1215 488 1311 566 male,
1333 491 1430 550 modo

255 617 329 662 cum
357 602 425 662 cod.
458 601 579 662 lionae.
611 598 722 660 οἰκείου
753 599 853 674 legas.
886 599 1060 662 Schneider
1091 602 1259 675 vulgatam
1288 603 1432 664 defendit

255 712 305 774 καὶ
327 730 384 790 per
410 715 545 790 „idque”
570 717 711 791 variana,
736 715 771 775 at
793 712 825 774 τὸ
849 711 964 798 ἐπακτῷ
987 714 1091 800 δικαίῳ
1112 720 1242 796 χρῆσθαι
1261 732 1325 778 non
1344 718 1432 778 nude

255 829 398 904 positum
430 831 480 890 est
506 843 563 903 pro
587 844 720 889 oausam
746 829 830 903 apud
853 828 975 890 iudices
1003 830 1145 906 dicendo,
1172 829 1228 891 sed
1252 830 1308 891 illa
1332 831 1432 891 verba

256 941 439 1016 significant
461 942 628 1002 hominem
651 942 903 1002 incontinentiae
931 944 1029 1016 atque
1052 942 1322 1018 intemperantiae
1346 945 1430 1006 dedi·

256 1057 327 1116 tum
359 1056 519 1116 iustitiam
551 1055 665 1129 suique
696 1055 950 1116 dominationem
984 1057 1146 1134 amittere,
1170 1057 1280 1131 itaque
1304 1057 1431 1119 alienae

256 1170 401 1230 iustitiae
425 1171 457 1229 et
482 1169 668 1229 dominatus
691 1169 843 1246 indigere,
866 1170 949 1242 quod
974 1168 1084 1230 οἰκείου
1106 1169 1223 1231 δικαίου
1244 1167 1356 1250 ἀπορυς
1374 1172 1429 1232 sit.

257 1283 436 1344 Hermanni
456 1287 516 1343 cim
536 1278 595 1353 (καί
615 1278 725 1360 ἀπορία
746 1281 1310 1361 οἰκείαν)111011.ὃο111111111111,1111111;
1332 1300 1431 1346 causa

256 1403 309 1456 τοῦ
341 1393 455 1479 ἐπακτῷ
485 1417 508 1453 τ.
532 1395 557 1454 δ.
581 1399 711 1474 χρῆσθαι
734 1398 785 1457 est
808 1397 879 1471 ipsa
902 1393 1023 1476 ἀπορία,
1044 1398 1154 1472 itaque
1179 1399 1356 1460 absurdum
1379 1401 1432 1460 est

256 1525 390 1571 causam
411 1525 484 1570 cum
506 1510 623 1570 effectu
643 1510 832 1583 adaequare.
854 1511 1005 1586 Madvigii
1025 1515 1058 1573 oa
1075 1516 1204 1591 χρῆσθαι
1220 1511 1427 1586 <ι1ικαίων>

256 1619 365 1706 ἀπορίᾳ
396 1621 513 1682 οἰκείαν
543 1638 658 1697 parum
690 1623 821 1697 elegans
852 1626 912 1684 est.
945 1623 1026 1685 (ium
1059 1626 1169 1686 autem
1198 1625 1312 1700 optimi
1340 1627 1429 1687 codd.

256 1736 372 1796 οἰκείων
396 1737 427 1797 h.
454 1753 480 1797 e.
505 1734 621 1795 οἰκείων
649 1744 707 1795 τῶν
732 1735 855 1796 δικαίων
881 1737 1056 1798 exhibeant
1079 1754 1138 1799 neo
1161 1735 1196 1796 τὰ
1220 1738 1320 1798 δίκαια
1344 1740 1431 1800 idem

257 1848 437 1924 significare
467 1849 593 1924 possint
624 1865 660 1909 ac
694 1847 726 1909 τὸ
751 1849 867 1909 δίκαιον
893 1851 988 1920 (sicut
1011 1847 1046 1910 τά
1069 1848 1144 1910 καλά
1167 1867 1186 1912 a
1209 1861 1248 1934 τῷ
1272 1856 1352 1936 καλῷ
1375 1854 1430 1914 dif-

257 1963 386 2032 ferunt),
409 1963 519 2022 nullus
539 1963 648 2023 dubito
669 1963 745 2036 quin
769 1964 832 2023 tria
854 1964 911 2024 illa
933 1964 1088 2025 vocabula
1111 1963 1161 2024 καί
1185 1962 1294 2048 ἀπορίᾳ
1314 1966 1431 2026 οἰκείων

258 2092 275 2136 e
295 2091 360 2149 mg.
380 2077 569 2150 irrepserint
588 2078 620 2136 et
639 2076 849 2151 interpolator
869 2078 908 2138 ad
931 2075 1047 2136 οἰκείαν
1068 2080 1179 2140 mente
1200 2079 1272 2140 addi
1292 2079 1432 2142 voluerit

257 2198 372 2268 κριτῶν.
392 2190 498 2249 Futile
519 2191 570 2249 est
588 2189 933 2265 interpretamentum
955 2192 1027 2264 quis
1040 2193 1127 2252 enim
1140 2194 1245 2253 nescit
1257 2190 1289 2252 τὸ
1302 2198 1432 2271 χρῆσθαι

211 2299 236 2367 (J
259 2299 373 2386 ἐπακτῷ
403 2325 460 2361 τινι
491 2301 574 2363 efflei
605 2298 714 2385 ἀπορία
746 2302 881 2364 οἰκείουί
915 2295 934 2386 ΙΙ
966 2305 1040 2366 Par.
1069 2305 1098 2364 A
1122 2308 1154 2366 et
1177 2306 1245 2367 cod.
1269 2306 1430 2368 Malatest.

256 2415 445 2496 λυγιζόμενος
475 2432 532 2491 pro
564 2416 650 2496 λομιζ.
682 2418 823 2478 tradunt.
857 2417 931 2478 Mox
963 2418 1199 2480 Herwerdenus
1230 2419 1304 2490 (Mn.
1335 2420 1431 2490 1891)

255 2532 399 2606 postulat
422 2528 563 2609 ἀποσχεῖν
586 2546 642 2606 pro
666 2536 836 2611 παρασχεῖν,
860 2533 929 2593 sine
954 2547 1069 2594 causa:
1095 2523 1271 2595 1111111111111
1293 2531 1431 2613 παρέχειν

254 2642 363 2725 γέλωτα
394 2647 427 2705 ei
457 2642 579 2724 πάσχειν
611 2648 719 2724 γελοῖα,
750 2646 797 2707 sic
821 2646 941 2721 optime
966 2647 1028 2707 dici
1050 2649 1159 2721 potest
1182 2645 1319 2727 παρέχειν
1344 2647 1431 2726 δίκην

255 2762 288 2819 et
307 2758 428 2837 πάσχειν
448 2755 482 2817 τά
503 2758 610 2818 δίκαια.
624 2759 730 2820 Verba
748 2758 819 2820 ὥστε
829 2806 903 2818 .....
921 2759 1009 2839 δίκην
1029 2761 1168 2822 fortasse
1190 2762 1331 2823 insiticia
1343 2764 1429 2822 sunt.

255 2872 355 2933 Recte
374 2872 556 2945 Stephanus
583 2872 615 2932 V.
642 2873 676 2934 L.
700 2871 918 2952 περιπεσόντων
942 2874 1101 2951 probavit,
1125 2890 1189 2934 non
1214 2875 1301 2938 enim
1325 2875 1432 2936 solent

204 2979 235 3044 1)
259 2986 362 3048 morbi
383 2986 594 3046 anniversarii
614 2983 788 3063 ἐπιπίπτειν,
800 2984 999 3066 ἐπισκήπτειν,
1017 2989 1148 3049 irruere.
1164 2980 1184 3072 ΙΙ
1197 2989 1296 3050 Recte
1316 2981 1387 3051 Pari
1402 2990 1431 3048 A

258 3096 517 3176 ἐμπιμπλαμένους
537 3115 593 3174 pro
611 3097 852 3178 ἐμπιπλαμένους
863 3102 959 3163 multi
973 3103 1062 3164 editt.
1076 3107 1282 3179 receperunt;
1303 3104 1432 3164 utinam

258 3215 375 3287 ubique
397 3213 530 3288 probam
555 3214 693 3274 formam
717 3231 773 3289 pro
797 3217 948 3290 corrupta
971 3217 1169 3277 substituere
1194 3217 1364 3280 auderentl
1389 3252 1431 3262 -

258 3328 356 3387 Putat
387 3328 442 3388 Fa.
474 3328 743 3389 Posorrnrrarsnsa
778 3329 847 3404 „die
878 3329 1003 3390 Platon.
1033 3330 1157 3404 dialogo
1179 3331 1213 3390 in
1235 3331 1339 3392 ihrem
1364 3348 1433 3392 ver·

258 3442 414 3502 haltnisse
446 3457 485 3500 zu
517 3443 578 3502 den
609 3442 902 3517 Hippokratischen
930 3443 1095 3521 schriiten,
1120 3445 1296 3505 Landshut.
1321 3445 1432 3519 Progr.

258 3556 405 3618 abhandl.
426 3557 482 3617 der
506 3556 763 3618 Studienenstalt
786 3556 917 3633 Metten,
945 3557 1051 3618 1882”
1074 3558 1182 3619 verbis
1207 3557 1305 3634 φύσας
1328 3579 1357 3617 τε
1381 3556 1435 3618 καὶ

258 3670 422 3749 κατάρρους
453 3672 636 3744 respectum
669 3670 873 3744 Hippocratis
903 3671 1022 3732 librum
1054 3668 1121 3751 περί
1151 3679 1257 3747 φυσῶν
1285 3673 1315 3742 (i.
1340 3689 1366 3732 e.
1392 3673 1435 3733 de

207 3784 409 3852 Etlatibue).
435 3772 454 3865 ΙΙ
479 3783 577 3843 Recte
602 3782 668 3844 iere
692 3798 806 3844 omnes
829 3784 919 3845 editt.
944 3786 1094 3844 statuunt
1118 3785 1287 3846 Platonem
1312 3800 1435 3846 memo·

256 3898 323 3958 riae
354 3897 448 3971 lapsu
470 3897 624 3971 Eurypyli
647 3912 767 3958 nomen
790 3898 853 3958 huc
877 3899 1038 3959 intulisse.
1063 3900 1114 3959 An
1141 3915 1215 3960 vero
1239 3899 1337 3960 verba
1360 3895 1436 3958 οὐδὲ

258 4009 419 4095 Πατρόκλῳ
450 4021 488 4095 τῷ
520 4009 634 4096 ἰωμένῳ
659 4009 835 4090 ἐπετίμησαν
865 4014 1005 4087 genuina
1032 4014 1098 4073 sint
1122 4014 1215 4090 valde
1239 4029 1314 4074 cum
1340 4013 1437 4074 Aetio

257 4126 376 4186 dubito,
398 4126 545 4187 Primum
566 4128 623 4186 aut
643 4125 816 4199 legendum
842 4128 959 4206 [Πατρ]
980 4136 1019 4210 τῷ
1040 4123 1155 4211 ἰωμένῳ
1175 4129 1232 4187 aut
1253 4129 1346 4206 Πασρ.
1368 4128 1435 4209 [τῷ]

123 4313 130 4324 Ι
257 4235 381 4323 ιάμένμ,
404 4240 517 4300 deinde
541 4235 718 4316 ἐπετίμησαν
740 4239 872 4313 languet
891 4241 966 4315 post
986 4236 1166 4317 ἐμέμψαντο,
1186 4242 1257 4301 tum
1277 4239 1438 4314 Eurypyli

257 4353 382 4413 curatio
413 4369 432 4414 a
464 4352 610 4413 Patroclo
643 4348 733 4411 οάδέν
756 4348 869 4412 ἀτοπον
893 4353 1033 4413 habebat
1056 4368 1159 4427 neque
1184 4354 1224 4414 ab
1246 4352 1437 4429 Aesculapii

256 4466 342 4543 filiis,
367 4467 421 4540 qui
445 4467 507 4542 ipsi
529 4468 589 4528 hac
614 4467 749 4527 sanandi
774 4467 897 4527 ratione
922 4467 1097 4528 utebantur
1120 4467 1169 4538 (cf.
1191 4467 1300 4527 41111
1320 4465 1363 4526 ὅτι
1383 4465 1439 4528 καὶ

256 4589 295 4662 τῷ
322 4576 457 4662 Μενέλεῳ
477 4583 547 4654 κτλ),
566 4579 741 4654 vituperari
764 4581 901 4656 poterat,
922 4582 1087 4654 postremo
1106 4581 1241 4642 modum
1255 4581 1437 4644 curationis
