3260 5098
830 299 893 358 100

270 489 398 564 Optime
436 485 639 560 Hirschigius
676 486 735 556 (ed.
772 485 867 559 Gorg.
904 484 1000 554 1873)
1036 484 1176 544 correxit
1211 475 1273 555 οίος
1308 482 1346 560 δι)
1384 481 1446 557 [dlv]

270 598 312 661 ὢν
325 646 431 660 ......
466 596 540 668 <dlv
571 598 619 670 (V.
651 599 734 668 L.)>
772 596 826 675 εἴη.
857 598 952 658 Prius
983 596 1046 655 AN
1075 612 1117 657 ex
1147 597 1211 655 ΔΗ
1234 597 1452 673 dittographia

271 718 385 777 natum
410 717 470 775 est.
495 713 599 774 Simul
619 713 741 786 corrige
769 715 875 795 <ιη>
902 709 985 772 πόλει
1008 713 1041 772 et
1064 726 1142 772 mox
1164 708 1214 770 καί
1241 708 1345 779 <ἐυ>
1369 712 1399 783 (i.
1422 728 1450 773 e.

167 911 169 916 Ι
272 827 339 902 κάν)
362 828 535 900 νεανίσκοις.
559 827 629 888 Dici
650 827 759 901 potest
781 823 813 885 ἐν
836 825 924 885 τταισί
944 847 973 885 τε
996 823 1046 885 καί
1066 825 1232 897 νεανίσκοις
1255 822 1305 884 καί
1324 822 1452 905 ἀνδράσι

273 942 316 1015 (ἐν
339 946 414 1004 ante
438 939 564 1021 ἀνδράσι
587 956 651 1003 om.
677 941 856 1017 Stobaeus)‚
882 956 946 1001 non
969 941 998 1002 id
1025 941 1109 1014 quod
1132 939 1293 1014 vulgatur.

129 1050 193 1110 414
220 1044 250 1110 A
318 1057 475 1118 Richards
499 1055 612 1126 (class.
637 1055 719 1115 Rev.
747 1056 843 1124 1893)
867 1054 963 1129 probe
987 1054 1172 1127 intelligens
1192 1053 1358 1127 vulgatam
1379 1067 1450 1114 con·

271 1173 396 1233 tortum
432 1186 567 1230 sensum
601 1169 754 1243 praebere
790 1184 865 1252 oum
903 1167 1077 1228 Benedicto
1112 1167 1149 1229 ci.
1187 1166 1360 1246 λαγχάνουτι
1392 1182 1452 1240 pro

271 1283 462 1364 λαγχάνοντα.
496 1283 541 1342 At
575 1282 622 1343 sic
652 1282 698 1342 nil
733 1281 907 1342 lucramur.
941 1280 1171 1354 corrigendum
1203 1281 1254 1341 est
1287 1275 1337 1338 ιιοί
1366 1276 1453 1355 τιμὰς

272 1393 375 1456 δοτέον
411 1393 481 1468 [καί]
519 1397 604 1468 ζῶντι
634 1393 685 1455 καί
715 1395 916 1473 τελευτήσαντι
947 1393 1051 1470 τάφων
1084 1415 1114 1454 τε
1123 1438 1197 1452 .....
1235 1393 1452 1474 [λαμχυίνοντα].

272 1511 322 1572 Me
340 1510 475 1571 offendit
493 1510 602 1570 minus
623 1524 762 1570 casuum
783 1509 924 1570 mutatio
943 1523 1043 1582 quam
1062 1509 1284 1569 membrorum
1301 1509 1452 1580 inaequa-

218 1625 357 1692 Blitas.
383 1615 402 1707 ΙΙ
426 1623 509 1683 Bait.
542 1624 576 1683 et
608 1622 739 1697 campo.
772 1622 859 1682 male
889 1617 942 1692 οὓς
973 1619 1011 1697 δι)
1043 1629 1101 1681 νῦν
1132 1624 1165 1682 et
1191 1622 1287 1696 paulo
1311 1623 1383 1696 post
1407 1613 1452 1682 ὧν

273 1736 310 1815 δη
333 1745 391 1796 νῦν
414 1739 595 1798 servarunt.
620 1736 802 1809 Utrobique
826 1751 853 1796 e.
877 1735 992 1795 multis
1013 1736 1102 1796 codd.
1122 1735 1202 1796 Bklr.
1224 1737 1257 1796 et
1277 1735 1453 1796 Schneider

272 1851 510 1912 restituendum
542 1864 614 1910 esse
642 1847 738 1926 υυυδι)
765 1850 796 1918 (1.
821 1866 848 1910 e.
874 1845 948 1927 ἄρτι)
971 1851 1060 1910 recte
1084 1851 1288 1910 censuerunt.
1314 1849 1452 1910 Sexcen-

272 1965 335 2024 ties
371 1965 414 2033 (in
449 1963 549 2033 codd.)
584 1963 773 2024 adverbium
811 1960 907 2039 νυνδὴ
943 1962 1064 2023 librarii
1099 1964 1193 2024 modo
1225 1963 1379 2024 mutilant
1411 1960 1452 2040 δὴ

273 2077 451 2137 omittendo
474 2077 570 2137 modo
593 2077 771 2137 invertunt.
796 2077 1085 2151 Transponendum
1108 2079 1186 2151 puto
1211 2081 1349 2156 γενναῖον
1371 2073 1403 2136 ἓν
1423 2099 1454 2136 τι

227 2186 251 2255 0
274 2194 332 2249 ιιι).
357 2181 377 2270 Η
400 2189 564 2250 Hervverd.
589 2189 663 2260 (Mn.
690 2191 784 2261 1883)
806 2190 844 2251 ci.
868 2184 935 2249 οὐδ’
960 2182 1019 2249 old'
1041 2186 1079 2248 dlv
1100 2188 1127 2249 εἰ
1144 2188 1305 2268 γενόμενον
1325 2190 1452 2265 elegan-

275 2303 421 2363 tissime:
449 2304 563 2363 notum
595 2303 645 2362 est
675 2318 731 2376 pro
762 2300 818 2362 οὐκ
842 2295 1021 2362 alturido
1044 2303 1138 2377 volgo
1162 2304 1225 2365 dici
1248 2302 1304 2364 ουἰιι
1327 2297 1383 2364 οἶδ’
1411 2300 1453 2362 ἂν

222 2414 251 2477 l)
275 2415 303 2476 εἰ
325 2417 394 2477 sive
417 2413 472 2475 οὐκ
496 2411 534 2473 ἂν
559 2407 618 2474 οἷδ’
645 2414 672 2474 εί
693 2416 743 2487 (cf.
775 2416 858 2476 Tim.
886 2416 927 2476 26
939 2417 986 2486 Β).
1013 2406 1032 2499 ΙΙ
1056 2416 1131 2477 Mox
1153 2416 1238 2478 idem
1264 2419 1313 2477 vir
1335 2418 1454 2479 doctus

275 2534 341 2605 (1.1.)
365 2534 404 2594 ci.
427 2529 447 2611 ἢ
476 2529 675 2607 <δ>ιιο1οις
699 2531 806 2613 λόγοις,
829 2550 891 2607 quo
912 2549 976 2594 non
995 2549 1085 2608 opus.
1109 2567 1148 2577 -
1170 2533 1270 2594 Recte
1293 2533 1454 2594 Richards

276 2647 388 2718 (class.
421 2646 500 2706 Rev.
534 2646 629 2716 1893)
662 2646 753 2706 colon
784 2648 858 2721 post
888 2643 944 2725 ἐρῶ
968 2647 1104 2706 sustulit
1127 2648 1164 2706 ut
1188 2647 1455 2707 coordinarentur

276 2757 331 2838 ἐρῶ
352 2761 385 2820 et
404 2756 593 2838 ἐπιχειρήσας
613 2759 652 2820 of.
672 2775 770 2833 supra
789 2758 832 2830 τίς
855 2755 893 2817 tle
913 2749 969 2819 οὖν
988 2754 1061 2836 ἡμῖν
1073 2757 1257 2837 ...μηχανὴ
1270 2755 1453 2838 γένοιτο...

275 2877 382 2932 ιτεῐσαι.
412 2874 450 2932 In
480 2871 500 2948 ξ
530 2873 590 2933 ult.
621 2873 692 2934 dele
724 2869 984 2952 δημιουργουμένη
1000 2868 1033 2948 ¹),
1056 2874 1140 2946 quod
1162 2875 1235 2948 post
1258 2871 1455 2950 πλαττόμενοι

277 2986 428 3047 abundat.
460 2987 559 3047 Paulo
590 2988 666 3048 ante
694 2989 781 3048 recte
803 2988 1043 3051 Herwerdenus
1066 2987 1139 3058 (Mn.
1167 2987 1261 3058 1883)
1289 2984 1454 3065 [ὑιι11γῆς
1511 3031 1513 3035 -

278 3095 358 3170 ἐντὸς
382 3101 438 3160 aut
460 3096 520 3158 ὑπὸ
543 3106 597 3178 γῆς
620 3097 725 3172 [ἐντός]
751 3101 924 3174 legendum
948 3101 1084 3162 censuit.
1105 3101 1199 3160 Prius
1219 3100 1300 3160 mihi
1320 3101 1453 3160 arridet.

226 3207 254 3272 R
277 3213 357 3274 Vide
379 3213 487 3274 elmile
508 3214 834 3290 interpretamentum
854 3215 887 3275 ln
908 3215 971 3276 427
990 3214 1022 3275 d.
1037 3205 1056 3298 ΙΙ
1070 3213 1198 3289 Optime
1217 3215 1332 3275 Aetius
1352 3215 1454 3288 (prob.

278 3327 390 3388 stallo.
413 3326 507 3397 Bait.)
530 3324 581 3386 ιιοί
602 3330 676 3402 post
699 3318 776 3405 ἦσαν
799 3329 929 3389 delevit.
954 3328 1037 3389 Male
1057 3328 1168 3389 Herm.
1190 3330 1233 3398 (et
1255 3327 1456 3400 Sohmelzer)

277 3437 317 3512 ὡς
335 3455 391 3516 pro
410 3437 461 3499 ιο)
479 3441 658 3502 substituit.
680 3441 845 3516 Gampbell
865 3441 982 3502 acriter
1001 3437 1051 3500 καί
1067 3442 1209 3502 defendit
1222 3443 1351 3502 vertens
1368 3444 1456 3518 „and

276 3557 371 3616 when
393 3556 473 3629 they
495 3571 581 3616 vvere
604 3557 712 3632 ready,
737 3570 819 3616 even
842 3557 921 3616 then
943 3557 999 3616 the
1023 3555 1123 3616 Earth
1147 3558 1221 3616 sent
1242 3557 1334 3616 them
1353 3557 1454 3617 iort.”

131 3675 195 3734 415
223 3668 253 3734 l
320 3669 426 3729 Verba
461 3667 492 3728 οῖ
519 3666 551 3726 ἐν
582 3677 617 3752 ιη
647 3667 740 3746 πόλει,
770 3685 852 3742 quae
886 3669 1000 3730 abesse
1031 3669 1129 3745 malo,
1161 3670 1240 3729 sunt
1270 3670 1454 3732 vocativus

278 3781 353 3841 Mox
375 3782 446 3855 lege
471 3778 533 3854 [ὡς]
559 3780 704 3859 φήσομεν,
726 3783 766 3843 of.
787 3798 838 3844 ex.
858 3797 903 3857 gr.
925 3785 989 3845 366
1002 3783 1031 3842 Α
1051 3776 1108 3842 ἀλλ’
1133 3773 1155 3842 ὦ
1176 3782 1242 3858 φίλε
1263 3781 1352 3860 φήσει
1372 3786 1456 3863 λογι-

224 3898 254 3963 Β
278 3893 398 3972 ζόμενος
420 3899 480 3970 ατί,
503 3897 567 3956 455
580 3896 616 3970 Β,
642 3897 705 3957 479
719 3897 757 3973 Α,
782 3897 856 3958 alia.
881 3890 900 3974 Η
924 3897 984 3957 Pro
1008 3893 1038 3968 ἐξ
1063 3892 1196 3976 ἀργύρου
1216 3897 1274 3968 (sic
1293 3901 1370 3957 recte
1389 3898 1457 3959 Ast
1481 3925 1483 3928 ·

277 4025 303 4069 c.
337 4008 460 4083 aliquot
491 4010 591 4078 codd.)
614 4010 699 4071 male
727 4013 876 4072 recentes
898 4026 1013 4072 omnes
1036 4010 1127 4071 editt.
1153 4014 1203 4080 (ne
1226 4010 1337 4072 Stallb.
1365 4011 1455 4072 1858

277 4123 408 4195 quidem
428 4126 574 4198 excepto)
595 4125 762 4185 edidemnt
782 4122 811 4197 ἐξ
832 4121 973 4204 ἀργυροῦ.
992 4125 1100 4185 Etiam
1120 4125 1154 4184 in
1173 4123 1193 4201 ξ
1214 4124 1236 4185 0
1252 4125 1455 4200 optimorum

277 4237 366 4298 codd.
397 4237 494 4297 lectio
525 4233 541 4296 ὁ
574 4237 694 4317 σίδηρος
725 4234 745 4316 ί)
775 4234 790 4297 ὁ
822 4237 927 4317 χαλκὸς
952 4237 1070 4322 φυλάξη
1097 4255 1116 4299 a
1139 4239 1278 4300 librariis
1302 4246 1457 4315 corrupta

277 4351 337 4412 est.
369 4351 601 4424 Praegresaum
632 4359 743 4430 χρυσοῦ
777 4351 924 4412 librarios
955 4353 988 4412 in
1016 4368 1157 4413 errorem
1181 4351 1319 4413 induxit.
1343 4352 1454 4416 Velim

311 4592 332 4660 ¹)
350 4597 428 4643 Oodd.
445 4600 579 4656 praeterea
596 4597 722 4657 praebant
739 4598 946 4664 δημιουργούμενα,
965 4626 996 4636 -
1013 4601 1091 4660 μίνου,
1109 4627 1141 4636 -
1157 4620 1228 4662 μενοι.
