3278 5098
864 337 883 396 4

289 523 391 584 blicae
421 523 525 583 forma
555 523 657 583 altera
687 522 726 582 de
748 522 874 582 iustitia
897 522 1034 596 bonique
1057 521 1129 584 idea
1151 523 1255 583 multo
1277 525 1459 597 graviorem

289 637 395 696 visam
427 652 498 697 esse
530 636 582 696 vel
609 635 715 696 solum
739 651 858 696 nomen
880 633 915 694 τὰ
938 635 1082 712 πολιτικά,
1106 651 1168 709 quo
1192 637 1276 710 apud
1300 636 1459 712 Olympio·

288 751 402 810 dorum
426 750 620 824 Respublica
642 752 808 824 praeterea
830 750 930 825 audit,
954 751 1147 811 documento
1171 753 1223 810 est
1245 744 1275 820 ¹).

854 1002 895 1062 H.

331 1203 376 1263 Ut
398 1204 464 1264 iarn
488 1218 585 1277 supra
608 1202 825 1277 inscriptionis
845 1203 1082 1278 additamenta,
1099 1203 1146 1262 sic
1165 1215 1251 1263 nunc
1270 1206 1304 1264 et
1323 1203 1458 1264 Politiae

286 1317 450 1377 indecem
471 1318 568 1378 libros
588 1316 779 1377 divisionem
800 1316 1028 1377 Alexandrinis
1040 1315 1224 1391 tribuimus,
1238 1331 1319 1389 quos
1331 1317 1460 1377 constat

286 1434 356 1491 tarn
390 1430 586 1504 Thucydidis
620 1443 719 1504 quam
754 1429 907 1490 Herodoti
938 1429 1060 1503 scripta
1094 1429 1127 1489 in
1157 1429 1256 1489 libros
1290 1429 1457 1502 divisisse;

286 1559 450 1617 quumque
480 1543 713 1616 Aristophanes
744 1542 921 1615 Byzantius
952 1541 1097 1602 Platonis
1128 1557 1223 1616 opera
1253 1542 1286 1602 in
1313 1541 1459 1615 trilogias

285 1658 424 1732 partitus
444 1657 497 1732 sit,
516 1656 638 1717 nullius
657 1655 811 1715 audaciae
828 1657 884 1715 est
899 1671 1029 1715 sumere
1042 1656 1181 1716 eundem
1194 1655 1294 1715 simul
1306 1654 1457 1714 Politiam

285 1774 317 1833 61
340 1773 452 1848 Leges,
472 1786 583 1832 crassa
604 1770 779 1844 volumina,
799 1770 833 1828 in
853 1769 976 1843 aliquot
995 1769 1061 1829 iere
1084 1783 1205 1842 aequas
1225 1771 1335 1842 partes
1354 1767 1457 1828 distri·

284 1887 403 1947 buisse.
429 1886 486 1947 Oui
509 1885 650 1960 opinioni
676 1900 739 1945 non
763 1883 954 1944 adversatur
977 1886 1054 1943 nota
1078 1884 1116 1944 A.
1143 1884 1237 1944 Gellii
1257 1884 1344 1954 (XIV
1364 1886 1394 1953 31
1419 1885 1457 1945 de

283 2003 461 2078 separatim
491 2001 577 2062 edita
607 1996 722 2061 Politia
752 1999 893 2059 narratio
928 1998 1040 2073 ,lectis
1064 1998 1185 2059 dachas
1203 2000 1268 2074 fcrc
1292 1999 1379 2060 111116
1402 1999 1457 2072 qui

282 2117 378 2190 primi
401 2116 434 2176 in
458 2115 576 2188 vulgus
599 2114 784 2187 exierant'';
809 2128 887 2173 nam
911 2113 980 2172 sive
1006 2127 1134 2173 merum
1153 2115 1214 2174 hoc
1232 2117 1455 2175 commentum

283 2234 343 2305 est,
375 2231 412 2289 ut
443 2227 566 2288 Zellero
597 2228 733 2298 videtur,
758 2227 827 2286 sive
851 2241 965 2287 revera
989 2227 1105 2288 Politia
1128 2227 1359 2288 additamentis
1382 2243 1455 2302 pau·

282 2343 376 2403 latim
407 2342 519 2416 crevit,
551 2340 674 2401 Gellius
705 2340 757 2400 vel
787 2340 895 2413 potius
926 2341 955 2399 is
986 2341 1040 2412 qui
1071 2340 1159 2401 illius
1189 2342 1317 2402 fabulae
1345 2345 1456 2402 auctor

282 2461 342 2534 est,
374 2459 444 2518 sine
475 2456 570 2517 dubio
601 2470 700 2528 quum
730 2454 837 2514 verbis
867 2455 933 2514 illis
964 2455 1050 2515 libris
1069 2456 1134 2530 [cre
1157 2456 1276 2517 duobus
1299 2459 1454 2533 uteretur,

282 2573 321 2634 116
344 2573 458 2634 eadem
481 2571 635 2631 librorum
660 2584 758 2642 quam
787 2570 820 2628 et
843 2584 903 2628 nos
926 2568 1078 2629 novimus
1101 2569 1259 2630 divisione
1282 2570 1455 2646 cogitabat,

281 2701 479 2760 quamquam
511 2685 599 2746 nullo
630 2685 725 2744 modo
757 2700 797 2744 ex
829 2683 939 2744 decem
972 2684 1037 2743 illis
1068 2683 1130 2744 duo
1155 2685 1206 2744 vel
1233 2684 1299 2744 iere
1323 2684 1386 2745 duo
1409 2685 1456 2745 sic

281 2799 355 2872 eligi
378 2800 513 2872 possunt
537 2799 575 2857 111
598 2799 706 2857 toturn
730 2795 881 2856 efficiant.

326 2911 460 2986 Qualem
491 2925 622 2985 operam
654 2909 887 2982 Aristophanes
919 2909 1063 2969 Platonis
1095 2909 1226 2983 scriptis
1256 2910 1388 2971 edendis
1418 2926 1456 2971 ac

282 3023 477 3096 corrigendis
507 3021 699 3095 impenderit
729 3023 951 3093 quantumque
981 3036 1066 3082 nova
1100 3037 1120 3081 a
1151 3022 1277 3095 vulgari
1304 3022 1456 3100 (δημώδη)

283 3135 420 3196 editione
440 3134 659 3209 discrepuerit,
679 3148 742 3194 non
764 3134 904 3208 amplius
923 3133 1055 3194 definire
1075 3133 1160 3209 licet,
1181 3134 1290 3207 itaque
1310 3137 1456 3209 praestat

282 3250 425 3309 virorum
457 3248 634 3322 doctorum,
668 3246 758 3306 velut
789 3246 952 3307 Mahaffeii
966 3240 987 3315 ²)
1019 3247 1139 3317 (hiatus
1163 3248 1203 3307 ab
1227 3247 1456 3310 Alexandrinis

282 3361 393 3421 sedulo
416 3360 568 3434 expulsos
592 3375 664 3419 esse
692 3360 858 3435 putantis),
883 3359 1149 3420 hariolationibus
1172 3360 1269 3421 fldem
1293 3377 1454 3423 recusare.

282 3475 360 3534 Post
378 3477 489 3534 autern
509 3473 575 3534 fere
595 3473 854 3547 sesquiseculum
873 3473 953 3533 haec
974 3473 1070 3534 editio
1086 3475 1135 3534 tot
1151 3474 1317 3548 tantisque
1329 3475 1456 3536 mendis

282 3589 410 3664 oppleta
439 3588 540 3648 fuisse
572 3587 699 3646 videtur
730 3590 767 3646 ut
800 3586 940 3661 Atticus,
972 3586 1001 3646 si
1033 3601 1110 3647 vera
1140 3589 1217 3647 sunt
1247 3603 1330 3660 quae
1361 3605 1391 3650 v.
1425 3588 1454 3649 d.

282 3703 408 3762 Usener
437 3701 471 3760 in
501 3700 600 3760 diario
633 3700 740 3776 ,sort
773 3699 923 3760 Gelehrte
946 3700 1062 3761 Nachr.
1090 3701 1196 3760 1892”
1221 3702 1370 3775 perdocte
1394 3701 1454 3760 dis·

282 3815 419 3890 putavit,
451 3814 595 3874 melioris
625 3813 775 3873 editionis
806 3813 967 3886 parandae
998 3814 1169 3875 consilium
1197 3813 1456 3888 666611111161118

284 3930 418 4003 Usener,
453 3928 506 3987 cui
535 3927 619 3987 Weil
654 3926 879 4002 adstipulatur,
914 3942 977 3986 non
1017 3926 1112 3986 modo
1146 3926 1290 3987 Platonis
1324 3928 1455 3988 textum

285 4044 414 4118 qualem
445 4041 570 4104 codices
600 4040 693 4099 nobis
722 4040 924 4100 tradiderunt
955 4055 996 4100 ex
1028 4039 1128 4100 Attici
1163 4039 1294 4100 libraria
1328 4039 1456 4102 officina

286 4244 501 4252 -——-——-

317 4384 336 4446 1)
354 4389 409 4435 vid.
436 4390 569 4448 praetcrea
594 4387 705 4446 Etymol.
732 4389 798 4446 Mag.
824 4401 850 4448 p.
873 4389 955 4436 31.1‘l
981 4390 1140 4447 ὰσμιναιτατα
1165 4389 1243 4449 μέντοι
1270 4392 1371 4436 Πλάτων
1391 4393 1416 4436 lc
1432 4389 1453 4436 α’

286 4473 412 4515 Πολιτικῶν
428 4466 461 4524 (v.
477 4467 494 4517 l.
514 4471 639 4514 Halmius
657 4469 683 4512 et
701 4467 840 4524 Πολιττίας).
859 4467 988 4514 Antiattic.
1012 4467 1075 4514 Bkli.
1096 4468 1185 4515 anecd.
1203 4481 1227 4528 p.
1248 4467 1342 4515 101121
1363 4468 1456 4522 ἰδίωσις·

286 4551 382 4595 Πλάτων
399 4550 500 4610 τετάρτῳ
517 4539 543 4608 (l.
563 4540 670 4609 πέμπτῳ)
689 4549 823 4592 Πολιτικῶν.

317 4623 337 4693 ²)
355 4624 534 4682 Ounningham
552 4624 673 4670 memoirs
693 4625 765 4669 1891.
784 4624 822 4670 On
840 4624 884 4669 the
902 4623 1019 4671 Plinders
1036 4621 1107 4672 Petri
1124 4626 1223 4687 papyri.
