3260 5098
740 252 802 314 119

186 438 312 499 exbibet
334 442 543 514 probantibus
567 441 690 515 Herm,
714 440 853 516 Baitero,
878 440 1092 516 schmelzero,
1116 441 1248 517 optime,
1270 443 1353 516 quod

141 541 215 610 lliu
235 553 367 626 vulgata
387 551 460 613 ἀλλὰ
478 552 534 634 γὰρ
557 555 633 615 ferri
657 555 778 628 nequit.
801 545 821 636 ΙΙ
841 554 913 614 Par.
935 555 963 613 A
984 554 1116 614 exhibet
1134 552 1254 613 πόλεσιν
1276 552 1354 634 ἐμμε-

183 662 299 741 ηονένατ
329 669 416 741 prob.
448 669 599 728 omnibus
628 666 803 728 editoribus
828 668 912 738 (inde
937 684 957 728 a
981 667 1184 737 Schneidero)
1208 683 1353 729 necnon

185 778 298 840 Stallb⁰
321 782 441 853 (1858).

61 884 162 950 4361
225 893 261 952 In
293 894 413 956 Monac.
445 911 466 970 q
497 902 564 973 (pro
595 896 698 980 τούτῳ)
731 911 751 955 a
782 911 826 957 m.
856 911 881 956 s.
912 895 1024 956 τοότων
1055 900 1246 973 correctum,
1270 899 1354 971 quod

183 1007 271 1067 unice
305 1023 416 1068 verum
448 1024 521 1070 esse
549 1012 636 1070 recte
661 1009 826 1084 perspexit
850 1009 886 1070 Ο.
909 1009 1006 1084 Apelt
1030 1010 1146 1081 (Fleok.
1171 1011 1241 1072 Jbb.
1268 1011 1353 1071 1892

182 1123 229 1182 bd.
268 1123 352 1193 145).
388 1123 565 1196 Vulgatum
600 1122 693 1206 τούτῳ
729 1123 906 1182 absurdum
941 1124 1001 1183 est.
1037 1158 1080 1166 «-
1111 1124 1233 1198 Optimi
1264 1125 1354 1186 codd.

181 1233 318 1314 γέννησιν
346 1241 413 1312 (pro
436 1233 561 1315 γένεσιν)
582 1235 688 1297 exhib.
713 1250 817 1310 neque
841 1236 935 1296 aliter
958 1237 1093 1297 Photius
1121 1240 1158 1307 (s.
1183 1254 1213 1297 v.
1237 1236 1353 1316 τροφή),

182 1352 263 1423 quod
282 1351 356 1411 inde
376 1367 395 1411 a
414 1351 560 1411 Bekkero
572 1351 612 1411 ab
625 1350 777 1411 omnibus
789 1350 880 1411 editt.
894 1353 1028 1420 (necnon
1041 1350 1159 1411 Stallbo
1178 1350 1273 1422 1858)
1285 1351 1355 1411 iure

135 1461 161 1525 B
183 1466 346 1537 receptum
377 1458 437 1526 est.
469 1456 489 1547 ΙΙ
520 1464 597 1524 ΒοΙο
622 1465 720 1524 verba
743 1461 889 1542 καὶπρὸς
912 1462 1030 1540 ταύτόν,
1052 1465 1144 1525 futile
1167 1465 1354 1537 interpreta-

183 1581 340 1654 mentum,
376 1578 458 1651 quod
492 1578 525 1637 in
559 1575 579 1653 ξ
610 1577 635 1635 E
669 1577 728 1637 ult.
760 1592 887 1651 quoque
919 1578 1093 1653 intrusum,
1126 1581 1160 1637 at
1189 1577 1255 1638 illic
1285 1579 1355 1638 sine

183 1691 303 1766 copula,
336 1706 398 1763 quo
429 1691 548 1752 clarius
578 1691 668 1750 fraus
700 1692 801 1764 patet.
832 1691 912 1751 Vide
943 1706 1002 1752 nos
1033 1692 1134 1751 etiam
1167 1691 1206 1750 ad
1231 1692 1296 1752 482
1322 1690 1354 1751 0.

181 1803 285 1864 Verba
307 1801 381 1862 κατὰ
403 1802 511 1863 ταύτόν
535 1805 635 1864 etiam
660 1805 699 1864 ad
720 1808 816 1863 ποιεῖν
839 1805 1017 1879 pertinent;
1042 1803 1116 1882 πρὸς
1139 1801 1247 1863 ταύτόν
1266 1804 1353 1864 idem

181 1915 340 1990 significat
371 1931 409 1977 ac
438 1914 512 1975 κατὰ
542 1914 658 1976 ταύτόν.
683 1949 727 1958 -
752 1917 822 1978 Par.
847 1918 876 1977 A
900 1917 1032 1977 exhibet
1055 1915 1127 1976 ὥστε
1150 1913 1189 1975 do
1211 1937 1272 1975 πον
1295 1920 1355 1993 κτλ,

135 2025 156 2092 d
179 2032 213 2089 ut
233 2030 414 2104 complures
430 2031 566 2091 codices.
591 2021 612 2113 ΙΙ
637 2030 749 2090 Galerii
768 2031 941 2091 lectionem
963 2029 1247 2109 διομολογησόμεθα
1269 2045 1354 2090 unus

182 2143 295 2203 Astius
326 2145 463 2219 recepit;
495 2145 529 2204 at
561 2147 608 2203 ΔΙ
639 2160 679 2204 ex
710 2138 913 2204 antecedenti
945 2146 979 2202 N
1006 2145 1222 2219 dittograpbia
1245 2146 1354 2204 ortum

181 2272 254 2318 esse
285 2258 440 2331 suspicor.
473 2257 591 2318 Forma
615 2258 721 2317 media
745 2260 778 2317 et
800 2258 833 2317 ln
858 2259 922 2317 544
941 2258 971 2317 Α
994 2258 1098 2319 obvia.
1124 2257 1353 2331 corrigendum

129 2365 156 2430 l)
178 2370 314 2430 arbitror
337 2368 369 2429 τὸ
390 2366 443 2448 μὲν
466 2375 513 2443 [τι]
537 2369 630 2430 αὐτοῦ
650 2375 709 2433 κτλ.
735 2363 754 2454 ΙΙ
778 2368 1354 2431 11811118191118ιτὰτοιοῦτνᾱ9191118

180 2485 315 2544 coniecit
350 2481 425 2562 (non
461 2485 653 2545 adversante
689 2486 806 2546 Stallb⁰
843 2484 948 2560 1829),
984 2486 1082 2560 recte,
1113 2499 1190 2544 nam
1223 2484 1353 2544 etiarnsi

178 2598 320 2658 adverbii
345 2598 414 2659 loco
437 2612 476 2658 ea
495 2599 663 2670 babemus,
684 2614 816 2675 prorsus
836 2597 1001 2658 abundant
1020 2612 1080 2657 neo
1099 2597 1257 2670 suspicari
1277 2596 1354 2658 licet

176 2711 252 2771 ante
278 2709 428 2787 μενόντων
452 2711 612 2772 excidisse
634 2710 817 2790 πασχόντων.
841 2712 955 2784 Itaque
979 2710 1060 2769 milri
1086 2710 1212 2770 videtur
1235 2710 1354 2783 aliquis

176 2824 208 2884 in
240 2838 304 2897 mg.
335 2825 375 2884 ad
405 2821 625 2902 ἀποδεχοίμεθα
653 2825 865 2900 adscripsisse
888 2822 923 2883 τόν
946 2831 1066 2883 τοιαῦτα
1091 2823 1162 2885 coll.
1188 2823 1296 2884 verbis
1319 2823 1353 2884 in

176 2935 195 3013 ξ
227 2937 252 2997 Ε
283 2933 373 2998 οὐδὲν
403 2934 461 3016 ἄρα
491 2933 569 3015 ἡμᾶς
599 2947 658 2997 τῶν
681 2939 824 2998 τοιούτων
848 2937 1006 3017 λεγόμενον
1029 2935 1172 3014 ἐκπλήξει.
1195 2937 1354 2998 Richards

177 3050 289 3121 (class.
310 3052 389 3112 Rev.
412 3052 508 3123 1893)
529 3053 657 3113 mavult
675 3053 887 3112 τῶντοιούτων
900 3052 1042 3128 rescribi,
1056 3053 1112 3112 sed
1124 3051 1213 3112 nullo
1225 3051 1353 3124 negotio

129 3165 218 3231 llad
242 3163 390 3240 μενόντων
414 3167 525 3225 mente
548 3163 647 3224 αὐτῶν
667 3166 815 3240 supplere
834 3180 1019 3240 possumus.
1045 3156 1065 3247 ΙΙ
1089 3166 1139 3225 Ad
1160 3162 1278 3248 οὐδαμῇ
1298 3162 1353 3243 γὰρ

177 3273 348 3336 ἀποκλίνειν
379 3278 506 3338 Bekker
537 3282 671 3340 annotat
705 3280 857 3356 ,Rectius
888 3279 1056 3351 scripseris
1088 3277 1246 3354 οόόαμοῐ.”
1280 3278 1354 3338 Mox

177 3405 263 3450 unus
293 3393 361 3452 cod.
393 3407 419 3452 c.
452 3392 572 3452 Galsno
600 3389 677 3451 ἔστιν
701 3394 776 3452 ante
800 3389 919 3451 ἑστάναι
942 3392 1063 3466 omisit,
1088 3393 1175 3451 recte
1199 3392 1354 3464 probante

178 3503 347 3564 Herwerd⁰
373 3505 447 3576 (Mn.
482 3506 587 3575 1883).
620 3505 697 3566 Delo
728 3506 827 3566 verba
857 3502 931 3582 πρὸς
955 3502 986 3562 τὸ
1011 3501 1093 3578 αὐτό,
1118 3503 1180 3564 vid.
1204 3504 1291 3563 dicta
1314 3504 1354 3564 ad

176 3617 195 3686 ἓ
225 3617 260 3678 Β.
293 3651 334 3660 -
366 3617 494 3691 Corrige
525 3640 595 3678 ποτε
628 3623 675 3691 [τι]
708 3614 747 3677 ἂν
777 3616 809 3677 τὸ
842 3617 914 3678 αὐτὸ
948 3614 1006 3689 [bv]
1040 3615 1100 3693 ἅμα
1128 3613 1203 3674 κατὰ
1226 3614 1257 3675 τὸ
1281 3613 1354 3675 αὐτὸ

176 3726 318 3789 τάναντία
340 3735 409 3808 κτλ.
430 3733 468 3791 ut
490 3733 559 3807 ipse
582 3732 674 3793 Plato
697 3733 731 3791 in
754 3731 773 3808 ἕ
797 3733 822 3791 Β
846 3733 939 3792 dixit.
965 3731 1106 3804 Vulgata
1128 3730 1226 3791 babet
1246 3731 1354 3790 nescio

177 3843 253 3916 quid
283 3844 422 3920 puerile;
454 3846 493 3905 cf.
526 3847 625 3906 etiam
656 3846 721 3906 439
753 3845 780 3904 Β
811 3843 847 3904 οὐ
878 3842 933 3925 γὰρ
966 3843 1052 3921 δὴ...
1085 3842 1116 3904 τό
1147 3865 1180 3924 γε
1211 3842 1283 3904 αὐτὸ
1315 3854 1353 3926 τῷ

179 3956 258 4038 αὐτῷ
281 3961 339 4016 κτλ.

47 4077 96 4139 437
125 4079 153 4145 Α
223 4071 362 4146 Optimis
392 4074 481 4133 codd.
514 4089 540 4134 c.
573 4074 694 4134 Galeno
729 4075 825 4134 verba
856 4072 943 4150 (εἴη
967 4071 986 4151 ἢ
1010 4070 1101 4146 ool>
1127 4071 1355 4147 praebentibus

177 4201 242 4244 νοω
261 4186 510 4260 obtemperarant
529 4188 591 4246 Ast
614 4188 722 4248 Herm.
744 4188 856 4248 Stallb.
875 4187 984 4257 (1858)
997 4187 1116 4260 Baiter,
1137 4184 1257 4259 optime,
1275 4199 1354 4244 narn

176 4298 209 4358 τὸ
244 4304 355 4358 παθεῖν
390 4299 489 4360 elficit
523 4303 556 4359 et
591 4301 832 4374 comprehendit
866 4298 897 4358 τὸ
930 4292 1013 4358 εἶναι.
1045 4299 1171 4358 Bekker
1207 4297 1353 4357 Schneid.

177 4411 307 4487 dampb.
339 4415 450 4473 autem
482 4414 581 4473 verba
612 4413 797 4489 defendunt,
829 4416 864 4473 at
894 4414 925 4472 in
954 4414 1018 4472 436
1043 4412 1068 4470 Β
1094 4410 1234 4483 legimus
1258 4413 1355 4468 ποιεῖν

176 4521 196 4604 ἢ
219 4524 351 4604 πάσχειν,
373 4527 406 4585 in
430 4527 533 4586 437ss
557 4526 612 4586 εἴτε
635 4526 808 4603 ποιημάτων
832 4526 886 4585 εἴτε
910 4523 1109 4602 παθημάτων.
1131 4524 1249 4583 Totum
1270 4523 1355 4586 hund
