3260 5098
864 339 906 400 92

249 521 430 600 drequnn
464 526 532 589 δέοι.
558 520 577 613 Ι)
601 530 710 606 Recte,
745 530 778 589 ni
810 529 912 608 fallor,
945 531 1108 592 Herwerd.
1141 531 1213 602 (Mn.
1248 531 1342 600 1883)
1372 530 1468 590 verba

297 641 366 713 τοὺς
397 642 532 718 φύλακας
564 643 698 704 delenda
721 645 862 719 censuit;
888 644 928 705 cf.
953 660 1003 706 ex.
1028 659 1074 718 gr.
1101 646 1164 706 395
1188 645 1214 704 D
1238 641 1274 704 οὑ
1300 641 1336 721 dl]
1360 639 1469 722 έπιτρέ-

298 769 405 833 ψομεν,
428 747 470 816 ὧν
493 777 592 833 φαμεν
615 755 762 833 κήδεσθαι
785 754 835 815 καὶ
859 757 921 816 δεῖν
945 756 1054 829 αὐτοὺς
1077 762 1136 817 κτλ.

152 873 216 932 403
244 871 274 936 Β
342 873 410 934 Sec.
436 872 566 946 (lampb.
590 872 661 933 Par.
685 864 727 932 AI
754 872 884 932 exhibet
907 868 946 944 ὑς
970 869 1081 932 έοιτιενο
1102 870 1106 950 1
1129 868 1257 949 μοὺετὴς
1280 863 1330 947 εἷς,
1352 862 1407 930 ΑΗ
1431 866 1468 941 ὑς

298 981 445 1045 ἐόιτενὺνο
467 981 471 1066 ξ
493 983 622 1063 μοθετὺγς
644 978 693 1056 εἷς.
718 986 815 1046 Vides
839 987 916 1059 quot
941 1001 1064 1046 errores
1087 987 1158 1046 Par.
1183 977 1224 1045 ΑΙ
1242 984 1468 1060 haplographia

298 1101 508 1162 commiserit.
530 1101 603 1161 Mox
624 1100 787 1160 Herwerd.
805 1099 878 1169 (Mn.
899 1101 994 1170 1883)
1007 1100 1045 1160 ci.
1064 1096 1103 1170 ὑς
1116 1097 1211 1178 πατὴρ
1224 1096 1291 1170 ὑέος
1304 1100 1362 1159 aut
1374 1097 1468 1177 ὥσπερ

302 1213 480 1292 <πατὺγρ>
508 1210 585 1290 ὑέος,
607 1229 689 1287 quae
711 1215 878 1287 ingeniosa
901 1229 980 1274 sane
1004 1215 1054 1274 est
1081 1215 1124 1289 οὓ,
1148 1215 1204 1274 sed
1227 1213 1322 1288 plane
1345 1213 1469 1272 inutilis

298 1331 330 1388 ot
359 1328 503 1388 Platonis
526 1328 723 1388 sententiam
748 1329 908 1388 minuens.
933 1327 1033 1389 Paulo
1055 1330 1129 1403 post
1142 1327 1332 1401 'Madvigius
1354 1330 1470 1397 (errore

297 1441 406 1516 procul
441 1441 546 1511 dubio)
581 1442 619 1502 ci.
655 1439 721 1521 περὶ
755 1433 798 1501 ὧν
829 1464 870 1513 τις
902 1441 1082 1514 οποοὺέζοις
1112 1442 1239 1516 poterat
1269 1442 1303 1501 in
1325 1441 1468 1501 mentem
1542 1503 1546 1510 ,

298 1555 407 1617 venire
430 1552 497 1634 περὶ
520 1550 555 1614 ὑν
578 1559 627 1615 ιιτλ
650 1557 730 1627 (οοΙΙ.
752 1557 816 1617 405
837 1558 887 1633 Α),
909 1558 943 1617 at
962 1572 1026 1617 non
1047 1559 1097 1617 est
1117 1571 1216 1617 causa
1235 1571 1292 1616 cur
1305 1554 1472 1628 vulgatam

298 1672 473 1742 tentemus.
506 1670 576 1729 vam
606 1671 631 1730 L
661 1669 819 1742 σπουδάζει
850 1673 937 1731 recte
964 1672 1153 1744 receperunt
1176 1670 1239 1729 Ast
1261 1669 1294 1729 et
1309 1667 1472 1728 Richards

299 1784 412 1856 (Olass.
437 1785 515 1846 Rev.
540 1786 645 1860 1893),
668 1785 742 1858 quia
760 1785 906 1845 futurum
928 1781 1169 1862 (νομοθετήσεις),
1185 1798 1249 1843 non
1261 1781 1473 1857 praeteritum

298 1900 478 1974 praecedat.
507 1899 589 1959 Male
617 1899 850 1959 Stallbaumius
878 1898 986 1968 (1858)
1015 1896 1086 1980 ὑόξγ
1114 1913 1170 1971 pro
1194 1894 1272 1967 δόξει
1295 1894 1409 1955 suasit.
1432 1927 1471 1936 -—

299 2015 373 2074 Mox
397 2013 633 2073 Herwerdenus
658 2013 731 2083 (Mn.
760 2013 855 2083 1891)
875 2013 913 2074 ci.
935 2011 1098 2091 μοιργότεροι
1116 2009 1209 2094 τούτῳ
1230 2009 1277 2080 (V.
1299 2009 1345 2078 L.)
1358 2005 1473 2087 ξυγγίγ-

299 2132 406 2186 νεσθαι
428 2143 484 2201 pro
508 2126 670 2206 μακρότεροι
693 2126 805 2199 τούτων
829 2127 862 2203 ξ,
886 2127 988 2201 male3
1009 2127 1151 2199 primum
1172 2124 1250 2185 illud
1272 2122 1472 2196 exquisitum

298 2242 410 2302 τούτων
426 2235 457 2317 1),
493 2256 555 2314 quo
591 2242 787 2303 constitutus
821 2241 935 2302 modus
968 2241 1137 2314 indicatur,
1169 2236 1473 2315 perlucentem

300 2356 511 2431 comparativi
546 2352 708 2434 μαργότερα
744 2355 880 2417 absurde
915 2355 1058 2415 declarat
1092 2354 1219 2415 licitum
1251 2367 1323 2412 esse
1355 2348 1473 2429 μάργος

299 2470 509 2550 ξυγγίγνεσθαι
540 2471 618 2530 dum
649 2469 760 2529 modus
790 2472 926 2529 servetur
951 2469 986 2528 ta
1008 2468 1108 2528 rebus.
1133 2468 1203 2526 Non
1226 2464 1345 2525 infitior
1368 2463 1473 2536 magis

299 2586 457 2646 usitatum
481 2584 582 2644 fuisse
605 2579 774 2662 περαιτέρω,
800 2584 856 2643 sed
879 2599 936 2656 per
955 2597 990 2642 se
1010 2583 1193 2656 spectatum
1214 2576 1377 2656 μακρότερα
1398 2576 1473 2637 ferri

249 2693 412 2772 operest.
439 2690 458 2780 ΙΙ
483 2698 559 2778 Mire
591 2697 747 2758 Richards
776 2696 889 2768 (class
920 2695 999 2756 Rev.
1027 2694 1122 2765 1893)
1146 2693 1228 2754 dixit
1255 2692 1303 2768 „si
1324 2687 1472 2766 ὑφέξοντα

299 2827 415 2872 sanum
451 2827 507 2885 pro
542 2806 670 2889 ὑπέχειν,
700 2813 771 2870 tum
804 2810 941 2870 fortasse
965 2810 1036 2883 lege
1063 2804 1184 2881 <ὑς>
1211 2804 1308 2885 ψόγον
1332 2805 1411 2863 κτλ.”
1435 2805 1473 2864 In

298 2940 439 2986 errorem
459 2925 575 2985 ductus
596 2940 668 2985 esse
692 2925 816 2984 videtur
839 2924 908 2984 loco
930 2923 1036 2998 specie
1056 2937 1120 2982 non
1141 2920 1292 2982 dissimili
1311 2920 1344 2978 in
1365 2919 1429 2980 426
1451 2917 1474 2979 (t

298 3035 337 3109 ὡς
361 3035 632 3117 ἀποθανουμένους
652 3043 711 3116 ντλ,
730 3055 808 3099 nam
828 3039 932 3099 dicere
953 3054 1027 3099 eum
1049 3037 1234 3112 oportuerat
1257 3035 1304 3111 „si
1324 3029 1473 3109 ὑφέξοντα

299 3167 363 3213 non
398 3168 526 3229 sanum,
562 3154 633 3212 tum
669 3153 790 3226 corrlge
826 3147 976 3227 ὑφέξειν.”
1011 3151 1138 3211 Accidit
1170 3161 1403 3220 nonnunquam
1438 3146 1475 3206 ut

299 3265 451 3326 infinitivi
474 3266 507 3326 in
531 3286 588 3324 -ειν
612 3267 769 3326 exeuntes
792 3266 826 3325 in
845 3286 892 3323 -εν
912 3265 1116 3324 librariorum
1136 3265 1230 3338 culpa
1250 3263 1475 3338 corripiantur,

300 3381 413 3442 deinde
437 3397 456 3442 a
476 3381 578 3442 doctis
588 3383 624 3451 (1)
646 3379 877 3442 correctoribus
897 3379 931 3438 in
950 3378 1118 3453 participia
1137 3380 1314 3438 mutentur.
1334 3375 1478 3449 Vulgata

151 3480 153 3484 ¹
246 3495 410 3559 litamen
433 3495 560 3557 defendi
583 3496 700 3569 potest.
726 3485 745 3576 ΙΙ
769 3493 854 3554 Aetli
879 3495 912 3553 ο1
934 3495 1167 3571 μανρολογοῖμεν
1187 3491 1283 3576 nobis
1307 3505 1371 3551 non
1395 3503 1478 3564 opus

300 3611 361 3686 est,
385 3610 461 3670 licet
484 3609 517 3670 in
541 3610 612 3670 Par.
637 3610 665 3669 Α
688 3609 799 3669 littera
822 3615 845 3666 ὠ
869 3607 902 3667 iu
926 3607 1026 3667 litura
1049 3605 1102 3666 sit.
1457 3684 1460 3690 Ι

152 3720 217 3780 404
249 3721 277 3782 Α
346 3724 542 3785 Rectissime
574 3723 738 3783 Herwerd.
771 3721 844 3792 (Mn.
881 3705 981 3790 1883)
1000 3720 1171 3793 legendum
1195 3720 1306 3779 censet
1330 3708 1413 3776 οὑτοι
1441 3715 1483 3788 [οἱ

302 3834 448 3913 &eanvult
472 3836 517 3896 Ut
540 3851 638 3910 supra
663 3836 754 3895 Plato
779 3834 893 3904 τούτοις
916 3834 998 3894 dixit
1022 3849 1078 3908 pro
1101 3831 1214 3902 τούτοις
1238 3834 1299 3901 τοῖς
1322 3827 1481 3906 ἀθληταῖς,

299 3951 346 4012 sic
371 3950 422 4011 hic
442 3941 524 4010 οὑτοι
544 3950 653 4024 posuit
672 3964 729 4024 pro
751 3940 832 4008 οὑτοι
856 3947 887 4008 οἱ
905 3945 1036 4023 ιἰσνηταλ.
1057 3946 1157 4007 Paulo
1177 3947 1252 4005 ante
1272 3945 1343 4018 lege
1366 3943 1481 4023 μεγάλα

247 4066 276 4131 Β
302 4062 363 4136 [τοὶ
387 4061 527 4143 σφόδρα)
553 4055 572 4144 Ι)
595 4063 677 4124 Male
702 4063 795 4123 Schn.
821 4043 932 4122 Herm.
954 4062 1038 4122 Bait.
1060 4060 1169 4134 damp.
1192 4075 1218 4120 c.
1240 4060 1317 4118 Par⁰
1331 4059 1361 4117 A
1382 4053 1481 4138 ὑπλῆς

300 4181 376 4240 ante
401 4185 544 4256 μουσικῆς
568 4177 759 4238 omiserunt.
786 4174 866 4236 dum
890 4175 942 4235 hic
965 4176 1056 4236 locus
1079 4173 1163 4234 infra
1191 4173 1225 4243 (Ε
1248 4167 1267 4250 ὑ
1293 4165 1321 4230 d'
1349 4167 1481 4250 ἁπλότης

299 4289 373 4350 κατὰ
396 4287 451 4368 μὲν
475 4287 621 4368 μουσικὴν
646 4292 678 4350 et
702 4290 808 4348 410A
831 4297 866 4371 τῇ
891 4283 969 4371 ἁπλῇ
993 4285 1090 4370 iactor]
1114 4289 1252 4369 μουσικῇ)
1275 4285 1480 4364 respiciatur,

299 4421 395 4480 aegre
429 4406 485 4466 illa
521 4420 598 4465 voce
634 4418 742 4464 carere
777 4417 962 4477 possumus,
998 4403 1035 4462 In
1067 4401 1139 4462 Par.
1171 4400 1199 4459 A
1232 4398 1352 4460 excidit
1383 4394 1481 4478 ἁπλῆς

305 4561 523 4573 ——-——-

333 4646 354 4713 ¹)
374 4653 466 4700 Τούτων
485 4650 611 4716 exquisite
630 4651 727 4704 dictum
746 4653 785 4697 est
802 4663 848 4711 pro
866 4654 948 4700 τούτου
967 4647 1140 4698 siout8941l
1158 4645 1278 4694 ululata
1297 4645 1390 4692 τούτων.
