3260 5098
838 291 900 350 104

132 480 196 538 420
224 474 255 542 Α
323 478 461 542 dobetus
492 475 582 558 (nota
611 474 686 556 ms.)
719 478 807 538 recte
838 475 978 538 correxit
1008 473 1132 537 ἐπίσιτοι
1162 493 1218 555 pro
1246 476 1390 557 ἐπισίτιοι,
1414 479 1457 540 cf.

276 591 446 672 παράσιτος,
488 587 597 668 άσιτος,
634 586 757 664 εάσιτος,
790 587 955 665 κακόσιτος,
989 586 1148 664 φιλόσιτος.
1183 591 1367 653 Verisimile
1403 594 1460 653 est

277 702 404 777 ἐπίσιτος
442 704 608 779 antiquius
643 719 712 764 voc.
748 718 821 763 esse
856 717 954 775 quam
992 698 1140 775 ἐπισίτιος.
1177 704 1292 766 suidas
1326 702 1459 777 ἐπίσιτος

277 818 419 893 explicat
456 814 472 877 ό
511 825 624 898 τροφῆς
663 816 748 896 χάριν
779 813 971 896 ἐργαζόμενος
1002 831 1106 891 neque
1138 818 1232 880 aliter
1262 820 1459 881 scholiastes

278 933 474 994 Platonicus.
491 933 586 1007 Apud
601 931 767 992 Pollucem
786 932 815 991 6.
832 931 894 990 123
914 931 1052 991 occurrit
1065 931 1149 993 inter
1161 947 1292 993 scurrae
1305 929 1457 1010 (κόλακος)

278 1046 422 1121 epitheta
441 1046 540 1107 otiam
561 1044 643 1105 κύων
663 1041 790 1115 ἐπίσιτος
813 1036 898 1126 (sivo
915 1040 1075 1121 ἐπισίτιος).
1087 1043 1112 1104 Ε
1126 1043 1254 1106 Oratete
1266 1046 1460 1107 Athenaeus

279 1155 322 1237 (6.
354 1174 384 1234 p.
418 1155 531 1236 24711)
560 1157 640 1218 citat
663 1159 798 1218 haecce:
821 1155 972 1233 ποιμαίνει
996 1150 1026 1215 d’
1053 1153 1192 1217 ἐπίσιτον.
1215 1159 1398 1233 Hesychius
1420 1160 1460 1219 in

279 1288 357 1333 voce
388 1269 527 1342 ἐπισίτιος
555 1272 696 1332 exhibet.
723 1305 763 1314 -
788 1270 859 1332 Non
883 1270 969 1331 male
993 1271 1231 1332 Herwerdenus
1256 1269 1330 1350 (Mn.
1356 1269 1458 1350 1883)

280 1401 393 1447 vocem
425 1382 617 1445 ἀναλίσκουσι
649 1384 817 1444 delendam
850 1385 985 1446 consuit.
1019 1384 1094 1445 Mox
1125 1388 1213 1446 recte
1243 1386 1310 1447 fers
1341 1400 1461 1446 omnes

232 1489 257 1558 G
280 1501 370 1561 editt.
403 1499 673 1574 interpunxerunt
704 1497 732 1556 τί
762 1488 818 1558 οάν
846 1495 883 1576 δὴ
908 1494 1169 1577 ἀπολογησόμεθα,
1191 1497 1267 1582 oria
1292 1489 1311 1582 ΙΙ
1335 1499 1460 1560 Parum

279 1613 378 1674 refert
409 1614 520 1672 utrum
552 1613 628 1672 ente
659 1606 776 1690 όλίμονς
809 1615 847 1681 (c.
879 1611 991 1672 Herm.
1019 1608 1163 1689 Gampb.)
1187 1612 1460 1686 interpungamus

278 1740 385 1786 annon
418 1722 477 1802 (sic
507 1725 627 1785 melius
659 1724 806 1784 Schneid.
839 1724 922 1784 Bait.
954 1724 1119 1785 Herwerd.
1150 1724 1213 1786 Mn.
1249 1722 1357 1801 1891),
1379 1726 1461 1799 quia

278 1839 408 1899 omnino
432 1853 566 1898 necesse
588 1838 641 1898 est
664 1832 791 1916 ὀλίγους,
815 1837 866 1897 cui
891 1833 963 1914 όλην
982 1837 1166 1912 oppositum
1187 1839 1241 1914 sit,
1265 1839 1305 1898 ad
1325 1833 1460 1910 τιθέντες

278 1951 399 2012 referri.
421 1951 564 2012 Verbum
584 1934 784 2028 ἀπολαβόντες
809 1950 955 2011 absolute
976 1951 1156 2011 adhibitum
1178 1953 1228 2012 est
1247 1952 1337 2013 utin
1361 1951 1458 2026 Gorg.

279 2063 382 2124 49511
405 2064 463 2124 ult.
487 2097 526 2106 -
540 2063 662 2123 Vocem
682 2059 806 2142 ἀνδριὰς
825 2064 857 2124 h.
870 2063 892 2124 1.
913 2063 980 2124 iam
999 2067 1127 2125 veteres
1148 2060 1282 2142 (reotei)
1302 2065 1341 2126 de
1353 2064 1461 2138 figura

280 2177 376 2253 picta,
400 2177 527 2238 nonde
552 2177 644 2251 signo
668 2177 900 2237 intellexerunt
924 2173 976 2255 (ci.
998 2178 1167 2240 Antiattic.
1188 2178 1268 2240 Bkk.
1287 2195 1317 2253 p.
1339 2179 1389 2240 82.
1414 2180 1457 2239 11

282 2286 415 2368 ἀνδριάς·
436 2287 486 2349 καὶ
506 2286 553 2348 ἐπὶ
573 2299 682 2373 γραφῇ.
705 2289 832 2350 Πλάτων
852 2290 1008 2372 Πολιτείας
1028 2292 1105 2352 Lex.
1125 2292 1207 2353 rhet.
1228 2291 1308 2352 Bkk.
1329 2307 1358 2366 p.
1379 2292 1458 2352 211.

284 2404 324 2463 14
348 2399 519 2482 ἀνδριάντα·
542 2400 594 2461 τὸν
616 2407 746 2480 χαλκοῦν
770 2398 790 2480 ἢ
812 2399 864 2462 τὸν
886 2401 1005 2462 λίθινον
1025 2399 1045 2481 ἢ
1064 2401 1187 2482 καλιὴν
1210 2401 1353 2485 γραφήν),
1374 2403 1461 2465 item

282 2516 432 2577 Schaefer
464 2513 582 2594 (Melet.
615 2531 644 2591 p.
677 2514 762 2595 102).
787 2516 934 2590 Plerique
958 2518 1071 2578 autem
1094 2518 1133 2578 de
1156 2518 1277 2580 statuis
1298 2517 1461 2579 coloribus

282 2631 476 2691 exornandis
500 2630 708 2704 cogitandum
732 2646 806 2692 esse
829 2633 1036 2707 censuerunt,
1061 2609 1178 2693 videi.
1203 2648 1232 2693 a.
1253 2649 1278 2692 r.
1302 2648 1337 2693 rr,
1360 2647 1460 2693 scau·

234 2747 369 2811 senar
388 2746 421 2804 in
441 2745 547 2805 Fleck.
572 2745 642 2805 Jbb.
669 2745 754 2806 1874
781 2744 1024 2820 „Polychromio
1048 2744 1105 2806 der
1127 2746 1259 2806 antiken
1279 2746 1410 2805 kunst.’'
1435 2739 1456 2828 ΙΙ

282 2849 354 2917 Pari
385 2858 414 2917 A
444 2858 618 2918 lectionem
648 2855 778 2930 ἐπιδέξια
806 2858 982 2933 probarunt
1011 2859 1073 2919 Ast
1101 2859 1182 2920 Bkk.
1207 2859 1318 2920 Herm.
1344 2858 1459 2919 Stallb.

283 2967 395 3047 (1858)
437 2970 521 3031 Bait.
565 2970 695 3046 damph.
739 2973 913 3046 praeeunte
950 2971 1147 3034 casaubono.
1182 2973 1381 3034 Aduerbium
1416 2972 1461 3032 ad

203 3077 205 3080 ’
283 3082 508 3155 κατακλίναντες
532 3085 680 3159 pertinet.

137 3207 199 3264 421
228 3200 258 3266 A
327 3197 432 3259 Verba
452 3197 478 3257 εί
496 3192 550 3275 μέν
570 3195 642 3275 (hoc
662 3193 716 3275 μὲν
737 3199 769 3259 in
791 3198 883 3259 Vind.
904 3199 1072 3272 upunotis
1083 3200 1245 3275 notatum,
1258 3200 1292 3260 in
1304 3199 1463 3273 Μοτίλος

282 3309 455 3390 omissum)
480 3301 536 3370 οὖν
559 3306 642 3389 ἡμεῖς
666 3307 719 3389 μὲν
739 3314 890 3386 corrupta
909 3325 982 3371 esse
1002 3311 1069 3371 iam
1089 3312 1186 3371 multi
1205 3312 1310 3373 lucide
1330 3312 1461 3372 demon-

283 3428 439 3503 strarunt,
471 3442 546 3487 cum
577 3426 604 3486 εί
633 3427 709 3487 ferri
740 3427 880 3500 nequeat
910 3440 970 3485 nec
993 3426 1091 3486 verba
1114 3423 1139 3484 εί
1162 3421 1216 3502 μὲν
1240 3415 1296 3485 obv
1320 3425 1462 3500 elliptice

283 3541 345 3603 dici
367 3542 531 3617 potuerint
549 3556 606 3616 pro
629 3539 656 3599 εί
678 3535 732 3618 μέν
756 3529 812 3599 οὖν
832 3532 922 3598 ταῦθ’
950 3537 1043 3609 οότιος
1064 3535 1128 3616 ἐχει.
1147 3537 1233 3599 Astii
1253 3541 1313 3600 cam
1335 3536 1373 3609 [εί
1391 3533 1458 3615 μὲν]

282 3650 366 3732 ἡμεῖς
397 3649 451 3731 μέν
480 3643 536 3713 οὖν
559 3657 609 3713 κτλ
633 3649 715 3731 (fleri
739 3652 826 3713 enim
850 3651 955 3725 potuit
977 3652 1014 3711 ut
1037 3650 1136 3711 verba
1159 3645 1243 3727 ἡμεῖς
1275 3645 1328 3728 μὲν
1359 3641 1416 3710 οάν
1439 3667 1462 3713 a

282 3768 411 3828 librario
431 3768 481 3828 bis
501 3767 622 3842 scripta
641 3767 759 3840 aliquis
779 3765 955 3826 correxerit
976 3766 1010 3824 in
1029 3780 1106 3825 eum
1125 3765 1271 3839 modum,
1293 3779 1355 3837 quo
1374 3780 1461 3827 nunc

283 3881 380 3954 vulgo
412 3878 528 3958 editur)
564 3893 628 3941 non
667 3880 895 3955 improbarem,
919 3878 995 3938 -nisi
1029 3893 1144 3939 verum
1179 3878 1261 3938 mihi
1297 3878 1461 3939 videretur

281 3995 441 4069 reperisse
475 3994 640 4054 Herwerd.
672 3986 749 4073 (Mn.
784 3989 881 4069 1883)
913 3992 1008 4052 valde
1042 3991 1208 4065 ingeniose
1247 3990 1409 4052 coniciens
1439 3985 1460 4075 ἡ

282 4111 348 4182 (pro
380 4106 418 4186 εί)
449 4103 503 4185 μὲν
537 4097 593 4167 οὖν
623 4102 708 4184 ἡμεῖς
741 4102 948 4186 <λίγο>μεν,
978 4105 1114 4181 φύλακας
1149 4108 1209 4181 κτλ,
1242 4120 1306 4178 qua
1342 4107 1375 4166 ο*
1410 4121 1459 4166 se·

281 4216 447 4294 quentiae
467 4216 496 4279 δ’
520 4217 613 4279 ἐκεῖνο
633 4217 726 4299 λέγων
746 4220 876 4295 habent,
897 4219 949 4279 cui
968 4219 1192 4294 respondeant.
1212 4219 1278 4280 Nec
1290 4219 1461 4292 sequentia

281 4336 399 4396 mendo
442 4337 570 4410 carent;
614 4334 707 4394 Aetio
745 4329 797 4392 καλ
831 4334 906 4393 ante
941 4332 1038 4412 όστιερ
1074 4333 1271 4407 expungenti
1304 4333 1459 4410 assentio,

281 4448 434 4521 quoniam
465 4447 628 4508 sententia
659 4449 710 4507 est
742 4447 838 4506 haec:
872 4441 887 4504 ὁ
918 4440 946 4505 δ’
980 4442 1074 4506 ἐκεῖνο
1103 4443 1160 4523 (sc.
1187 4444 1223 4505 οά
1246 4443 1459 4525 προσήκουσαν

281 4561 476 4637 εὐδαιμονίαν
499 4569 590 4619 πᾶσιν
613 4564 674 4631 τοῖς
695 4558 826 4630 πολίταις
846 4556 1026 4638 προσάπτειν
1046 4556 1121 4636 δεῖν)
1142 4554 1234 4637 λέγων
1254 4556 1290 4618 οὐ
1310 4556 1460 4638 γεωργοὺς
