3278 5098
887 275 929 334 84

319 469 438 530 vicinia
468 466 589 529 librarii
619 463 792 526 manifesto
823 463 954 523 textum
982 461 1204 535 cormperunt
1230 459 1394 534 quianon
1420 457 1498 520 licet
1612 511 1613 538 ,

319 583 423 643 dicere
453 579 521 658 τιερί
548 600 578 638 τε
608 577 727 638 δικαίου
748 572 938 636 mittitote.
961 575 1108 636 Primum
1132 575 1203 636 dele
1226 571 1277 634 καί
1299 573 1503 652 δικαιοσύνης,

320 695 406 768 (quia
428 693 650 754 membrorum
673 669 853 764 aequalitas
876 688 1011 762 requirit
1037 687 1149 764 <τε>
1162 685 1214 748 καλ
1235 687 1441 766 δικαιοσύνης)
1466 689 1500 748 et
1613 681 1614 776 i

320 828 349 866 τε
371 803 422 867 καλ
444 803 570 881 ἀδικίας,
595 804 709 867 deindo
732 803 853 876 corrige
877 804 935 863 aut
956 801 1025 881 περί
1044 822 1074 860 τε
1097 808 1151 862 τοῦ
1175 799 1293 862 δικαίου
1312 797 1363 860 καί
1387 797 1499 880 <τσερλ

316 922 412 994 roi>
425 917 533 979 ἀδίκου
564 920 621 978 aut
650 913 718 995 τιερλ
747 923 800 976 τοῦ
831 915 949 975 δικαίου
979 933 1009 974 τε
1040 911 1091 974 καί
1114 911 1229 974 ἀδίκου.
1253 911 1373 976 Eodem
1399 915 1499 976 modo

316 1036 349 1094 in
373 1035 437 1095 336
464 1033 493 1093 Α
516 1031 637 1093 librarii
661 1031 759 1091 verba
783 1023 854 1090 οὐδὲ
877 1027 910 1088 τὸ
933 1027 1051 1088 δίκαιον
1074 1044 1092 1089 o
1113 1042 1180 1102 mg.
1204 1027 1238 1088 in
1257 1028 1389 1089 textum
1410 1043 1497 1089 rece·

315 1153 439 1223 perant.
462 1145 562 1206 Paulo
585 1145 659 1219 post
680 1144 801 1204 iterum
821 1143 893 1204 delo
912 1142 1011 1204 verba
1029 1138 1080 1201 καλ
1098 1140 1132 1202 τὸ
1151 1140 1278 1219 δίκαιον,
1297 1155 1381 1216 quae
1400 1143 1498 1218 plane
1615 1141 1616 1144 ’

315 1262 419 1322 otiosa
449 1260 536 1334 sunt,
568 1258 653 1318 sicut
683 1259 718 1317 ot
748 1257 831 1317 infra
862 1258 991 1317 tautum
1022 1250 1042 1330 ἡ
1069 1250 1103 1314 δὲ
1126 1251 1227 1314 ἀδικία
1250 1257 1407 1331 seriptum
1434 1258 1499 1318 est.

316 1374 463 1434 Primum
485 1372 584 1444 igitur
608 1370 700 1431 Plato
724 1369 888 1430 vocabulis
909 1367 942 1428 τὸ
965 1367 1083 1428 δίκαιον
1102 1371 1136 1430 et
1154 1366 1188 1428 τὸ
1207 1364 1312 1428 ἄδικον
1330 1383 1414 1429 usus
1434 1371 1499 1445 est,
1616 1369 1617 1372 ’

263 1486 293 1550 Ι)
317 1486 430 1548 deiude
454 1484 618 1546 vocabulis
641 1479 660 1562 ἡ
684 1482 861 1560 δικαιοσύνη
886 1486 919 1544 et
941 1477 960 1560 ἡ
983 1479 1093 1542 ἀδικία.
1117 1473 1137 1566 ΙΙ
1161 1483 1306 1544 Venetus
1330 1484 1364 1540 11
1379 1495 1427 1544 m.
1449 1495 1498 1558 pr.

317 1600 448 1660 exhibet
471 1590 494 1657 ὦ
517 1593 695 1675 εὐηθέστατε
724 1595 901 1674 [Σώκρατες]
926 1596 1082 1671 probante
1104 1597 1229 1657 Nabero
1253 1595 1390 1668 (comm.
1412 1596 1498 1658 Plat.

267 1709 295 1773 Il
320 1714 426 1788 1862),
451 1712 582 1786 optime,
607 1711 680 1770 vide
704 1710 790 1770 dicta
812 1710 854 1770 ad
877 1709 941 1770 339
965 1709 999 1770 Ε.
1032 1702 1051 1793 ΙΙ
1083 1711 1111 1771 J.
1132 1710 1264 1771 Richter
1282 1709 1401 1780 (Fleclr.
1423 1709 1498 1770 Jbb.

319 1828 403 1887 1867
426 1826 478 1886 bd.
503 1827 555 1894 95)
581 1825 619 1884 ci.
640 1822 763 1902 ὑπάρχει
783 1820 833 1883 καί
857 1824 1030 1898 <κεῖται>
1054 1824 1080 1883 εί
1091 1824 1219 1902 μηδεμία
1232 1821 1304 1902 iiiia
1317 1828 1376 1900 κτλ,
1388 1825 1497 1899 male;

316 1942 349 2000 in
380 1940 481 2000 altero
508 1953 634 2011 quoque
657 1939 804 1999 membro
829 1942 878 2020 (τῷ
903 1933 936 1996 δὲ
959 1934 1064 2022 ἀδίκῳ)
1088 1954 1189 2000 unum
1213 1935 1337 2017 ὑπάρχει
1360 1937 1497 1999 sufficit.

317 2054 394 2113 Post
416 2049 498 2130 παρὰ
521 2049 552 2110 τὸ
577 2050 693 2110 δίκαιον
717 2054 804 2113 recte
828 2052 883 2112 alii
906 2053 1014 2114 media
1037 2053 1246 2114 distinctione
1269 2052 1321 2114 usi
1341 2054 1430 2114 sunt.
1455 2085 1497 2097 -

317 2166 400 2238 Lege
423 2162 531 2240 νυνδή.
1040 2223 1044 2230 ,
1184 2216 1187 2223 .

171 2290 235 2348 344
263 2284 298 2355 Α
361 2279 547 2339 Lectiouem
583 2278 654 2341 Pari
685 2273 726 2338 Al
756 2275 836 2361 αὐτῷ
867 2283 934 2353 (pro
963 2277 1053 2361 αὐτῷ)
1079 2313 1119 2324 ·-
1144 2295 1242 2354 quam
1272 2279 1424 2342 'Schueia
1451 2281 1499 2352 (in

319 2393 502 2468 „Additam.
527 2393 566 2453 ad
590 2391 671 2453 Plat.
698 2392 836 2469 δίαιθ’),
860 2393 943 2454 Bait.
968 2392 1099 2467 campo.
1124 2397 1378 2469 receperunt-
1405 2395 1499 2454 reete
1620 2369 1621 2382 ἶ

314 2488 424 2567 Heller
458 2506 541 2577 (Gur.
577 2522 606 2582 p.
641 2508 693 2576 22)
725 2522 801 2567 cum
832 2507 951 2568 Hermo
983 2509 1016 2568 et
1047 2506 1176 2568 Wohlr⁰
1206 2507 1413 2582 improbavit.
1455 2542 1497 2552 -

315 2619 396 2680 Male
424 2621 562 2680 editores
586 2620 710 2691 (Stallb.
734 2621 827 2681 Aetio
851 2621 1007 2696 exceptis)
1030 2620 1100 2679 vem
1127 2621 1161 2682 L.
1186 2615 1206 2698 ἢ
1232 2618 1346 2694 <τδ>
1375 2619 1500 2682 δίκαιον

315 2735 537 2809 susceperunt,
568 2749 645 2794 uam
678 2733 835 2794 articulus
866 2736 938 2794 tum
970 2736 1099 2795 tantum
1130 2733 1208 2795 terri
1239 2733 1367 2808 poterit,
1401 2735 1429 2794 si
1466 2738 1501 2796 et

320 2844 434 2920 <τὸ>
461 2843 567 2906 ἄδικον
589 2847 765 2921 legerimus
789 2849 838 2918 (ut
859 2848 1009 2909 Bromius
1032 2849 1158 2917 suasit).
1183 2847 1294 2908 Stallb.
1319 2847 1365 2908 cit
1386 2849 1454 2908 367
1469 2849 1500 2908 A

270 2959 293 3026 C
317 2956 439 3035 ἄμεινόν
470 2957 527 3018 ἔστι
559 2958 675 3019 δίκαιον
706 2953 781 3018 εἶναι
811 2957 830 3039 ἢ
861 2957 974 3021 ίίδικον.
998 2951 1017 3042 ΙΙ
1043 2960 1098 3022 Oh.
1127 2961 1161 3022 F.
1187 2961 1351 3022 Schrwald
1373 2957 1500 3038 (Fleck.

315 3072 385 3133 Jbb.
413 3074 496 3133 1872
522 3073 572 3133 bd.
599 3075 672 3144 105)
693 3073 731 3134 ci.
753 3071 831 3134 ἐστίν
850 3074 960 3146 ἱκανῶς
979 3071 1170 3156 δεδηλωμένη
1188 3089 1246 3150 pro
1258 3071 1279 3133 ί.
1292 3073 1311 3132 ί.
1322 3071 1503 3153 γιγνομένη,

314 3187 398 3259 quod
416 3201 476 3246 nec
495 3186 743 3261 palaeographia
762 3202 821 3248 neo
845 3187 1061 3262 grammatica
1085 3187 1301 3248 commendat.
1320 3188 1502 3250 Praeterea

314 3297 408 3369 οὕτως
442 3314 506 3360 uon
541 3301 619 3376 „hac
642 3301 766 3362 ratione
790 3317 817 3362 s.
842 3301 902 3362 hoo
926 3302 1042 3363 modo”
1071 3299 1242 3378 significat,
1267 3301 1324 3362 sod
1350 3303 1432 3376 „has
1458 3304 1502 3364 ob

315 3414 464 3474 oausas.”
496 3415 583 3476 Bene
615 3415 782 3489 vulgatam
814 3415 961 3476 Schneid.
987 3415 1162 3490 explicavit
1199 3415 1379 3492 „iniustitia
1410 3431 1502 3492 quae

316 3531 549 3616 convenienter
577 3529 709 3590 exsistit
738 3545 764 3590 s.
795 3544 878 3602 quae
909 3529 957 3589 ita
991 3529 1024 3588 in
1048 3529 1155 3590 lucem
1178 3529 1283 3604 prodit
1305 3533 1343 3590 ut
1365 3530 1501 3592 debet.”

316 3643 426 3704 Helier
444 3644 580 3704 annotat
604 3643 763 3718 „gahorig,
783 3643 830 3702 im
850 3657 994 3718 grossen,
1015 3643 1106 3704 nicht
1125 3643 1171 3703 im
1186 3643 1349 3704 kleinen.”
1366 3675 1404 3687 —
1418 3644 1502 3706 Mox

317 3737 587 3825 uerwerajqun.
623 3756 719 3827 1883)
750 3756 788 3816 a.
816 3754 848 3815 a
873 3751 901 3814 τ’
934 3752 1040 3815 λοισι
1067 3754 1181 3829 <ο>
1208 3753 1302 3840 aava
1325 3759 1385 3833 ια,
1407 3761 1503 3831 quos

317 3871 517 3945 probandum
536 3885 577 3929 ne
591 3868 811 3928 membrorum
824 3869 1005 3942 aequalitas
1017 3861 1037 3939 ¹)
1050 3872 1171 3945 pereat,
1184 3869 1260 3943 quia
1273 3869 1343 3930 sina
1356 3870 1503 3934 articulo

317 3987 364 4046 sic
387 3983 657 4045 construendum:
677 3979 710 4040 τὸ
733 3976 764 4040 δὲ
784 3977 889 4043 ἄδικον
908 3979 1002 4066 ἑαυτῷ
1023 3986 1193 4043 λυσιτελοῦν
1212 3981 1349 4061 τυγχάνει
1371 3983 1392 4044 i.
1414 4000 1443 4044 e.
1465 3984 1502 4046 τδ

265 4100 296 4165 l)
320 4095 352 4158 δὲ
372 4095 477 4158 ἄδικον
498 4094 592 4178 ἑαυτῷ
612 4098 760 4158 λυσιτελεῖ.
774 4087 794 4180 ΙΙ
807 4097 908 4159 Paris.
929 4089 971 4157 ΑῙ
990 4093 1107 4175 ἁθρόον
1127 4097 1184 4169 (sic
1204 4095 1337 4167 Wohlr.)
1354 4111 1412 4172 pro
1433 4095 1504 4176 cto„

317 4215 420 4286 recto;
453 4225 550 4284 saepe
581 4210 628 4270 sio
658 4210 729 4271 Par.
761 4211 800 4285 A,
829 4211 893 4270 vid.
917 4211 1000 4272 Tim.
1026 4212 1079 4272 64.
1103 4212 1180 4273 Dele
1204 4213 1371 4286 praeterea
1394 4213 1503 4275 verba

353 4490 372 4559 ¹)
395 4495 530 4541 Praecedit
553 4495 620 4541 enim
642 4494 667 4541 τδ
686 4495 776 4541 δίκαιον
794 4495 904 4554 τυγχάνοι
924 4491 950 4540 δν
967 4494 993 4539 rt
1011 4500 1053 4540 τοῦ
1071 4512 1106 4560 up.
1122 4492 1244 4559 ξυμφέρον,
1260 4506 1310 4540 non
1328 4491 1379 4554 [τδ]
1398 4503 1443 4542 τοῦ
1463 4518 1501 4565 κρ,

318 4574 335 4629 ξ.
354 4575 386 4619 ci.
405 4573 490 4619 usic.
