3260 5098
699 315 760 374 123

133 496 242 573 Quum
260 500 371 559 autem
393 499 533 560 Galenus
553 500 705 573 praebeat
725 509 763 581 τῷ
782 520 814 578 γε
837 497 916 582 αὐτῷ
937 499 970 560 τὸ
992 499 1064 560 αὐτὸ
1077 511 1115 584 τῷ
1129 499 1236 561 ἑαυτοῦ
1249 499 1315 579 περὶ

132 614 181 667 τιτι
203 611 351 685 suspicor
371 612 540 673 Platonem
564 613 733 686 scripsisse
754 609 862 688 φαμέν,
881 623 920 696 τῷ
940 635 973 692 γε
993 613 1073 696 αὐτῷ
1094 612 1201 674 ἑαυτοῦ
1224 611 1311 693 [περὶ]

132 719 163 782 τὸ
189 721 263 782 αὐτὸ
289 722 349 801 ἅμα
373 729 430 784 ιιι.
455 725 534 786 Fere
557 741 672 786 omnes
696 727 785 786 codd.
810 742 889 787 mox
912 728 1018 788 exhib.
1042 727 1164 803 πράττοι
1191 743 1314 789 necnon

133 851 250 898 omnes
271 840 361 900 editt.
383 842 509 914 praeter
529 841 670 900 Aetium.
694 840 836 901 Galenus
856 856 930 901 cum
943 842 1055 916 paucis
1067 843 1155 902 codd.
1170 842 1314 902 Platonis

131 951 234 1010 tradit
257 951 403 1028 πράττειν,
427 954 510 1013 unde
530 954 591 1012 Ast
612 954 718 1014 effecit
738 952 866 1031 πράττει,
886 955 968 1026 qaod
987 955 1076 1013 onice
1095 970 1214 1030 ωιτκκκ,
1239 956 1314 1027 quia

131 1057 169 1119 ἂν
199 1065 362 1124 omissum
386 1068 446 1126 est.
472 1065 531 1141 Qui
556 1069 666 1126 autem
690 1066 810 1144 πράττοι
835 1070 1017 1143 servarunt,
1041 1070 1161 1141 partim
1186 1085 1203 1128 e
1227 1084 1313 1143 prae-

132 1190 247 1248 gressa
268 1180 431 1238 sententia
450 1179 643 1253 particulam
664 1182 774 1240 mente
795 1181 1008 1255 supplendam
1021 1196 1094 1242 esse
1107 1184 1313 1256 censuerunt,

131 1291 256 1362 partim
287 1294 479 1352 revocarunt
505 1293 598 1352 textu
624 1294 789 1354 mutando.
814 1294 854 1355 Μ.
880 1295 1004 1355 Schanz
1031 1296 1195 1378 (probante
1219 1296 1314 1364 Bait.)

131 1403 165 1462 in
186 1404 268 1464 Nou.
291 1403 414 1465 Gomm.
436 1406 518 1466 Plat.
542 1407 625 1466 1871
649 1406 766 1466 maluit
786 1409 849 1464 ΔΗ
865 1408 896 1466 in
919 1409 983 1466 AN
1000 1410 1202 1468 commutare
1216 1423 1314 1481 quam

132 1512 170 1575 ἂν
196 1534 213 1578 ο
237 1520 502 1592 praecedentibus
525 1519 683 1594 supplere.
709 1519 873 1594 dampbell
898 1521 936 1581 ci.
959 1514 1146 1597 dp’'<iiv>
1168 1535 1225 1595 pro
1245 1519 1316 1597 ἅμα,
1353 1594 1356 1600 ¹

132 1633 167 1690 at
204 1634 285 1708 tum,
321 1634 355 1693 ni
385 1633 488 1708 fallor,
520 1633 663 1694 Glaucen
695 1635 915 1708 respondisset
945 1633 981 1693 od
1013 1632 1068 1713 γὰρ
1100 1631 1146 1692 ἅν.
1170 1634 1218 1694 Ne
1241 1635 1314 1707 quis

132 1748 270 1819 genitivi
303 1755 356 1806 τοῦ
391 1747 510 1819 τοξότου
542 1763 604 1808 usu
635 1749 790 1822 singulari
825 1749 1006 1809 offendatur
1030 1747 1069 1808 ci.
1095 1749 1158 1807 459
1183 1748 1209 1806 Β
1233 1741 1314 1805 τίδὲ

134 1858 236 1922 ἵππων
260 1859 314 1919 οἴει
337 1864 396 1937 κτλ,
419 1861 484 1921 470
507 1862 535 1920 Α
560 1868 614 1939 γῆς
637 1881 666 1919 τε
690 1860 822 1937 τμήσεως
845 1864 904 1937 κτλ,
928 1861 1001 1921 alia.
1027 1863 1064 1920 In
1089 1860 1195 1919 verbis
1217 1858 1313 1937 ὥσπερ

133 1995 165 2052 γε
190 1974 349 2048 particula
371 1995 402 2053 γε
426 1975 562 2034 traiecta
589 1975 649 2048 est,
674 1991 750 2034 nam
777 1974 948 2035 dicendum
969 1977 1039 2035 erat
1059 1983 1112 2034 τοῦ
1132 1995 1162 2052 γε
1184 1973 1313 2045 τοξότου.

134 2087 220 2161 Lege
244 2083 262 2163 ἡ
288 2085 455 2146 ἀπωθοῦσα
481 2085 580 2165 [γεὶρ];
604 2089 725 2148 etenim
749 2089 778 2147 si
797 2089 863 2147 iam
881 2089 920 2149 ad
940 2085 1012 2165 iiiia
1034 2104 1101 2149 voc.
1123 2084 1182 2166 γεὶρ
1204 2091 1313 2149 mente

89 2195 362 2276 despuendam,
395 2216 451 2260 cur
481 2204 554 2273 post
584 2199 752 2260 ἀπωθοῦσα
784 2202 965 2261 addendum
997 2203 1072 2262 est?
1095 2193 1114 2284 ΙΙ
1139 2202 1224 2261 Astii
1253 2203 1313 2262 cam

141 2311 272 2389 <κα1>
309 2312 341 2372 τὸ
375 2318 492 2374 κωλῦον
521 2315 638 2375 iniuria
669 2315 759 2375 editt.
792 2317 999 2390 spreverunt;
1031 2318 1203 2377 antithesis
1226 2318 1314 2377 enim

135 2430 242 2502 gratia
261 2443 374 2489 vocem
394 2425 443 2486 καὶ
463 2429 578 2488 abesse
598 2443 661 2488 non
681 2439 775 2503 posse
795 2430 877 2489 ratio
890 2430 1020 2490 clamat.
1034 2429 1109 2490 Mox
1122 2429 1314 2491 Schneidero

83 2542 205 2607 Εὸιαα
238 2539 404 2621 ἐγγίγνηται
436 2542 622 2602 emendanti
654 2545 741 2603 recte
764 2543 847 2603 Bait.
874 2546 906 2602 et
931 2542 1061 2618 campo.
1090 2546 1277 2618 paruerunt.
1295 2534 1312 2629 l!

133 2657 288 2730 Madvigii
322 2658 382 2716 cam
418 2653 548 2726 ἀκούσας
583 2653 624 2714 ἔτι
655 2655 782 2715 πιστεύω
815 2655 907 2739 τούτῳ
939 2657 1049 2717 Baiter
1075 2657 1205 2732 recepit,
1230 2660 1265 2717 at
1288 2680 1315 2717 τι

133 2772 243 2832 omitti
277 2770 389 2843 nequit
420 2771 452 2829 et
484 2765 540 2847 ἄρα
572 2771 645 2828 tum
677 2770 817 2829 otiosum
850 2765 899 2840 (ὡς
932 2770 1017 2830 enim
1051 2785 1113 2830 non
1145 2771 1313 2830 οπιστεύω

132 2886 270 2961 pendet).
306 2883 383 2942 Mihi
419 2884 553 2956 vulgata
583 2883 761 2942 sanissima
791 2882 918 2943 videtur
949 2897 1053 2954 neque
1084 2882 1229 2957 intelligo
1260 2887 1315 2959 qui

134 2998 301 3074 campbell
336 2998 440 3058 dicere
471 2999 611 3071 potuerit
646 2999 719 3072 „the
751 2997 997 3070 interpretation
1029 2997 1058 3056 is
1089 2995 1257 3059 difficult.”
1281 3001 1315 3060 Is

133 3115 173 3174 ci.
207 3111 316 3179 <οὐ>
344 3111 470 3170 πιστεύω
495 3111 588 3194 τούτῳ
612 3113 632 3172 i.
658 3128 685 3172 θ.
710 3109 746 3170 οὐ
771 3111 898 3171 πιστεύω
922 3127 969 3170 σοι
992 3119 1078 3171 τοῦτο
1102 3118 1158 3184 (sc.
1182 3113 1252 3184 ἴσως
1275 3123 1315 3196 τῷ

133 3223 220 3308 ἑτέρῳ
252 3220 394 3301 ὁμοφυές)
427 3221 549 3302 λέγουσι,
571 3239 635 3284 non
659 3224 821 3284 infelicem
847 3225 1067 3285 coniecturam
1093 3227 1164 3288 coll.
1190 3227 1314 3287 Menon.

134 3340 175 3399 91
201 3338 237 3413 D,
262 3339 318 3398 sed
343 3338 376 3397 ni
395 3336 490 3397 fallor
508 3353 572 3399 non
593 3339 821 3398 necessariam.
843 3338 948 3397 Verba
968 3339 1055 3398 enim
1074 3340 1201 3400 πιστεύω
1223 3340 1315 3424 τούτῳ

134 3450 319 3524 significant
343 3467 384 3511 ex
406 3451 464 3510 illa
483 3452 666 3511 narratione
687 3454 917 3524 argumentum
936 3453 1023 3512 sumi
1042 3467 1137 3526 posse
1158 3454 1316 3513 adversus

133 3567 182 3637 (N.
198 3566 233 3626 B.
255 3559 325 3642 ἀλλ’,
345 3555 382 3642 ἦν
403 3559 426 3623 d'
451 3563 517 3643 ἐγώ)
539 3565 711 3627 Glauconis
732 3567 939 3626 sententiam.
960 3566 1107 3626 Absurde
1121 3566 1314 3626 Liebboldus

134 3679 252 3751 (Fleck.
281 3679 351 3739 Jbb.
379 3679 462 3738 1888
488 3679 539 3740 bd.
567 3682 639 3750 137)
664 3681 703 3740 di.
727 3676 792 3758 ἄρτι
815 3695 871 3754 pro
895 3701 929 3739 τι.
955 3715 997 3722 -
1021 3679 1092 3736 vam
1119 3679 1144 3739 L
1169 3682 1315 3757 Πειραιῶς

134 3796 222 3854 recte
254 3794 316 3853 Ast
346 3793 427 3853 Bkk.
460 3793 683 3864 Stallb.(i858)
714 3794 898 3867 probarunt.
932 3794 992 3854 Pro
1020 3791 1111 3872 (παρὰ
1145 3797 1194 3876 τῷ)
1219 3792 1315 3878 δημίῳ

134 3907 405 3966 Hemsterhusius
427 3907 555 3976 (Aneed.
578 3907 593 3965 Ι
614 3923 642 3981 p.
664 3907 727 3966 252
748 3907 797 3966 ed.
815 3906 902 3977 Geel)
922 3908 961 3968 ci.
980 3907 1108 3992 Λιομοίιγ
1123 3924 1186 3968 non
1199 3909 1314 3982 impro-

133 4020 231 4080 bante
265 4019 482 4080 Herwerdeno
514 4020 587 4090 (Mn.
622 4020 727 4088 1888).
753 4020 985 4081 Valckenarius
1010 4024 1121 4086 autem
1147 4023 1190 4092 (in
1212 4022 1314 4094 ipsius

132 4133 261 4194 schedis
286 4133 417 4203 criticis)
442 4133 481 4192 ci.
507 4132 629 4216 δημιιίῳ
654 4135 711 4192 aut
733 4133 854 4216 Λυκείῳ
879 4135 961 4204 (coll.
984 4135 1092 4209 Lysid.
1115 4135 1179 4194 203
1200 4135 1248 4204 A).
1270 4134 1314 4192 At

132 4263 196 4307 non
233 4245 408 4306 verisimile
444 4248 495 4306 est
530 4247 652 4320 templa
687 4247 815 4306 condita
850 4247 951 4307 fuisse
983 4247 1076 4306 iuxta
1110 4247 1228 4322 locum,
1261 4246 1314 4304 ubi

134 4361 293 4436 supplicia
326 4359 449 4421 fierent.
482 4361 550 4421 Etsi
585 4361 717 4434 vulgata
749 4377 783 4421 se
816 4362 896 4422 bene
920 4361 1025 4436 habet,
1049 4375 1113 4419 non
1136 4360 1312 4419 absurdum

134 4477 186 4536 est
215 4474 419 4534 Valckenarii
450 4474 572 4558 δημιείιγ
604 4474 714 4550 (locus,
747 4475 802 4534 ubi
827 4471 842 4534 ὁ
870 4473 975 4551 δήμιος
1004 4472 1138 4547 habitat,
1164 4473 1204 4533 of.
1229 4489 1259 4532 v.
1288 4490 1313 4533 c.

134 4593 283 4667 μουσεῖον,
306 4593 453 4667 κουρεῖον,
475 4593 687 4667 στρατηγείου).
