3278 5098
847 309 888 370 54

234 492 258 560 (l
281 493 330 554 καί
353 494 421 556 θεοὶ
444 495 583 567 πολλάκις
606 501 666 566 τοῖς
690 491 744 572 μὲν
767 499 817 554 κτλ
836 511 899 556 non
920 494 1103 566 necessaria
1122 498 1182 558 ost.
1208 489 1227 580 ΙΙ
1252 497 1455 572 Optimorum

282 611 370 670 codd.
400 611 571 671 lectionem
596 609 704 687 βλάψει
728 610 816 670 solus
842 610 973 685 Oampb.
997 611 1101 671 adhuc
1123 613 1243 690 tuetur.
1268 612 1455 672 Lectionern

282 722 410 802 βλάψειν
445 724 539 784 Schn.
572 723 683 784 Herm.
715 724 798 784 Bait.
831 724 1016 785 Schmelzer
1046 725 1188 798 amplexi
1220 727 1306 786 sunt.
1338 725 1456 785 Nullus

282 838 392 897 autem
416 837 506 898 locus
529 837 638 898 futuro
657 839 718 912 est,
742 838 799 898 sed
821 837 951 914 aoristo,
976 837 1052 912 quia
1075 838 1291 912 praemissum
1316 835 1457 897 ἀκεῖσθαι

280 965 434 1024 praesens
458 953 518 1012 est.
543 953 617 1025 Ipse
639 951 832 1012 scholiastes
855 947 993 1010 ἀκεῖσθαι
1012 933 1069 1025 per
1087 951 1267 1030 θεραπεύειν
1288 952 1456 1033 explicans

280 1067 420 1127 ostendit
444 1082 479 1126 se
504 1063 642 1124 ἀκεῖσθαι
661 1080 814 1140 praesens
834 1066 996 1126 hahuisse.
1018 1065 1097 1125 (lum
1118 1067 1282 1140 praesenti
1302 1067 1455 1141 aoristus,

279 1194 343 1239 non
374 1179 521 1254 futurum
549 1177 691 1253 copulari
717 1180 833 1254 potest,
859 1179 898 1239 ci.
923 1195 974 1240 ex.
999 1194 1046 1252 gr.
1073 1179 1176 1239 3651)
1200 1175 1267 1238 οότε
1290 1178 1474 1267 λανθάνειν,

280 1288 347 1352 οὔτε
367 1290 540 1370 βιάσασθαι,
557 1293 620 1352 442
633 1292 699 1352 AB
721 1288 793 1350 diat
805 1290 1092 1350 καταδουλώσασθαι
1103 1289 1152 1350 καὶ
1165 1287 1265 1370 ἄρχειν
1276 1289 1454 1375 ἐπιχειρήσῃ.

280 1404 408 1477 Optimo
431 1405 530 1478 igitur
552 1406 621 1465 iure
642 1405 757 1464 Mureti
780 1407 839 1464 cim
858 1403 972 1481 βλάψαι
992 1405 1113 1478 recepit
1131 1405 1255 1465 Astius
1276 1405 1454 1478 Postquam

279 1515 393 1595 βλάψαι
413 1518 445 1576 in
465 1515 592 1594 βλάψειν
612 1517 744 1592 abierat,
757 1517 877 1576 iterum
892 1517 1085 1577 vocabulum
1098 1519 1309 1591 corruperunt
1319 1518 1453 1594 librarii,

278 1632 363 1692 sicut
386 1632 419 1691 in
443 1632 548 1692 359A
572 1630 665 1708 αίμεῖν
690 1630 775 1690 δοκεῖ
792 1646 848 1705 pro
872 1627 899 1688 ἀ.
928 1631 1026 1690 ἀσκεῖν
1047 1631 1252 1706 scripserant.
1276 1663 1315 1674 -
1337 1631 1454 1692 Mureti

277 1747 336 1808 θ8111
359 1744 480 1827 ᾅδοντες
503 1760 559 1820 pro
583 1743 713 1816 διδόντες
736 1746 911 1820 probarunt
936 1745 1086 1806 Schaefer
1107 1747 1157 1816 (ad
1177 1745 1321 1820 Dionysii
1342 1744 1452 1820 comp.

276 1859 364 1920 verb.
392 1875 422 1933 p.
448 1861 533 1934 246),
560 1859 707 1934 Oobetus,
733 1859 923 1934 Madvigius,
947 1859 1066 1935 Baiter,
1091 1859 1234 1934 optime..
1248 1859 1453 1935 Quamquam

278 1970 395 2030 διδόναι
425 1987 656 2046 nonnunquam
687 1970 848 2045 significat
879 1970 1040 2048 διδάσκειν,
1073 1973 1250 2048 ,tradere,''
1281 1973 1311 2032 is
1335 1987 1454 2032 sensus

278 2085 330 2146 hic
360 2086 495 2146 minime
518 2086 652 2146 idoneus
676 2088 736 2161 est,
761 2087 837 2159 quia
860 2086 1022 2147 Homerus
1046 2087 1107 2148 dici
1130 2101 1193 2146 non
1217 2087 1324 2160 potest
1346 2083 1453 2156 κακίας

277 2196 343 2278 πέρι
372 2201 542 2274 praecepta
573 2200 709 2261 dedisse.
742 2189 853 2261 Solum
885 2199 1005 2282 ᾅδοντες
1036 2202 1213 2274 genuinum
1245 2203 1306 2262 eat.
1330 2199 1453 2260 Eodem

278 2313 383 2388 modo,
396 2327 458 2385 quo
471 2312 532 2388 hic,
546 2312 667 2374 librarii
678 2313 711 2373 in
726 2313 825 2387 898D
837 2310 996 2390 διδομένου
1008 2330 1065 2388 pro
1078 2310 1227 2396 ᾀδομένου
1239 2313 1451 2374 tradiderunt.

278 2426 457 2499 Madvigius
480 2427 647 2500 praeterea
665 2423 731 2505 περὶ
750 2442 806 2501 pro
825 2423 892 2506 πίοι
911 2427 1050 2503 scripsit,
1071 2443 1170 2501 quam
1190 2427 1452 2488 emendationem

277 2539 394 2600 iniuria
424 2554 488 2600 non
511 2540 632 2614 recepit
656 2540 820 2614 eampbeh
843 2537 992 2612 εὐπετείας
1013 2555 1071 2614 pro
1094 2556 1160 2603 acc.
1185 2541 1265 2614 plur.
1291 2541 1454 2614 accipiens

278 2652 408 2725 διδόντες
431 2655 570 2714 servato.
596 2650 707 2729 Inepte
731 2655 883 2716 Liebhold
907 2655 1023 2724 (Black.
1044 2655 1113 2716 Jbb.
1138 2655 1221 2715 1888
1242 2655 1292 2714 bd.
1317 2655 1389 2724 131)
1410 2655 1451 2715 ci.

223 2765 254 2832 1)
277 2764 344 2846 περὶ
367 2765 516 2838 εὐπετείας
540 2765 715 2847 διελθόντες.
741 2759 760 2851 ΙΙ
785 2769 862 2829 Post
885 2765 998 2846 ἀνάντη
1021 2768 1092 2828 Par.
1116 2759 1170 2828 AII
1193 2783 1257 2841 mg.
1279 2767 1453 2841 adscripsit

276 2878 326 2940 καὶ
354 2885 498 2960 τραχεῖαν.
531 2915 571 2924 -
602 2881 718 2942 Veneti
749 2873 798 2940 ΠῙ
828 2882 1000 2944 lectionem
1031 2879 1164 2960 στρεπτοὶ
1195 2878 1227 2941 δέ
1257 2902 1285 2940 τε
1309 2878 1359 2940 καὶ
1383 2879 1453 2941 θεοὶ

277 2991 362 3054 αὐτοὶ
384 2996 560 3069 probarunt
581 2995 717 3071 Bekkcr,
743 2997 813 3072 Ast,
839 2995 1012 3071 eampbell.
1034 2997 1127 3057 Parus
1151 2988 1191 3056 ΑῙ
1222 3012 1297 3057 vero
1319 2996 1453 3070 praebet

276 3105 367 3168 λιστοὶ
398 3104 431 3167 δὲ
461 3108 596 3186 στρεπτοό
621 3129 660 3186 τε,
682 3109 766 3169 unde
790 3108 963 3170 Schneider
987 3110 1206 3183 (probantibus
1229 3110 1340 3172 Herm.
1365 3111 1450 3170 Bait.

277 3222 448 3293 Semela.)
479 3221 605 3282 effinxit
635 3219 726 3282 δισσοὶ
757 3219 789 3282 δέ
817 3219 972 3301 [στρεπτοὶ]
998 3244 1026 3281 τε
1049 3197 1098 3281 καί
1121 3220 1189 3283 θεοὶ
1211 3227 1268 3282 κτλ.
1293 3223 1452 3284 Videntur

277 3339 487 3408 (quamquam
517 3334 586 3396 fleri
617 3336 716 3396 etiam
747 3336 852 3409 potuit
881 3338 919 3396 ut
949 3337 1126 3397 memoriae
1157 3352 1263 3396 errore
1287 3338 1378 3397 Plato
1403 3337 1452 3397 sic

276 3448 441 3519 scriberet)
472 3449 652 3521 antiquitus
683 3450 758 3508 ante
789 3448 1043 3509 Alexandrinam
1072 3449 1206 3510 Homeri
1229 3450 1450 3510 recensionem

276 3562 358 3622 duas
388 3561 543 3623 lectiones
574 3559 675 3633 (λιστοδ
705 3564 738 3622 et
769 3560 913 3640 στοεπτοί)
943 3563 1153 3636 pervulgatae
1176 3562 1287 3639 luisse,
1312 3578 1451 3636 quarum

271 3650 352 3734 vero
383 3674 520 3735 alteram
550 3679 587 3736 ut
616 3677 725 3736 minus
756 3676 940 3750 elegantem
969 3678 1098 3750 propter
1121 3691 1261 3748 sequens
1283 3675 1452 3752 λισσόμενοι

275 3788 486 3849 Alexandrini
505 3789 642 3848 missam
667 3789 780 3849 fecere.
805 3789 875 3850 Non
899 3789 1008 3849 dubito
1032 3789 1109 3861 quin
1132 3789 1224 3850 Plato
1244 3788 1337 3848 λισκοί
1354 3791 1449 3864 scrip·

275 3900 364 3962 serit.
385 3901 423 3959 In
442 3901 652 3973 sequentibus
671 3901 805 3962 Homeri
825 3902 913 3963 codd.
936 3902 1089 3962 exhibent
1108 3899 1157 3961 καί
1177 3900 1246 3973 τοὺς
1262 3899 1316 3980 μὲν
1327 3899 1450 3962 θυέεσσι

274 4011 323 4072 καὶ
343 4012 471 4097 εόχοιλης
491 4010 644 4098 ἀγανῇσιν.
665 4014 833 4075 Permulta
852 4017 1045 4077 documento
1065 4017 1142 4076 sunt
1154 4002 1324 4076 Platonem
1336 4019 1450 4091 poetas

221 4169 222 4172 ,
275 4128 462 4188 memoriter
481 4129 610 4188 citasse.
631 4129 669 4187 In
688 4129 887 4203 praegressis
906 4129 1040 4190 Hesiodi
1053 4130 1200 4190 versibus
1214 4131 1302 4192 codd.
1315 4130 1449 4192 Hesiodi

273 4254 336 4299 non
356 4239 428 4316 λείη,
448 4242 505 4302 sed
525 4236 606 4320 ὀλίμη
628 4242 790 4302 exhibent.
811 4242 982 4302 Nescimus
1002 4258 1044 4302 an
1061 4243 1238 4304 memoriae
1251 4244 1355 4318 lapsui
1369 4243 1448 4304 illud

220 4347 362 4423 Ελιστοὶ
394 4355 557 4416 debeatur.
586 4357 623 4414 In
647 4355 742 4416 Hom.
770 4355 795 4414 Θ
819 4356 882 4417 488
907 4356 1026 4430 legitur
1049 4355 1214 4434 τρίλλιστος.
1240 4349 1260 4440 ΙΙ
1283 4357 1448 4418 Hemstcr·

271 4469 386 4528 husius
410 4473 497 4539 (nota
521 4485 594 4545 ms,
618 4468 691 4528 vide
714 4467 754 4528 ad
775 4469 839 4528 330
851 4469 887 4539 Β)
908 4469 981 4530 dub.
1004 4469 1042 4530 ci.
1069 4468 1205 4547 ἀρμαθσν
1225 4473 1292 4545 (pro
1312 4467 1449 4546 ὅμαδον),

270 4584 354 4655 quod
386 4584 519 4655 quidam
549 4583 696 4643 Vaticani
729 4582 844 4642 Mureti
875 4583 1079 4657 praebebant.
1113 4583 1194 4646 dum
1226 4597 1301 4650 vero
1328 4599 1447 4646 nomen
