3278 5098
880 292 920 355 78

316 487 478 547 nonnullis
509 487 597 547 editt.
628 486 737 546 minus
768 485 920 546 idoneum
949 485 1057 544 visum
1081 485 1142 560 est,
1167 485 1250 558 quod
1274 483 1398 546 factum
1421 500 1484 547 non

316 603 413 676 esset,
444 600 473 660 si
503 600 731 659 meminissent
761 598 823 658 loci
853 597 1075 658 memorabilis
1102 597 1136 656 in
1159 598 1303 660 Phaedro
1327 601 1390 661 251
1412 601 1443 660 A
1471 596 1485 658 δ

317 709 350 772 δὲ
382 712 530 793 ἀρχιτελής
540 760 627 773 ......
659 712 730 773 όταν
759 707 891 782 θεοειδὲς
926 709 1086 792 πρόσωπον
1117 710 1167 794 ἴδῃ
1177 756 1248 770 .....
1282 721 1400 792 πρῶτον
1433 709 1486 790 μὲν

313 827 412 907 ἔφριξε
421 873 491 886 .....
524 826 626 887 ἰδόντα
658 822 690 885 δὲ
720 823 822 902 αὐτὸν,
852 817 916 885 οἷον
940 822 972 884 ἐκ
995 832 1047 902 τῆς
1071 825 1190 905 φρίκης,
1214 826 1358 905 μεταβολή
1383 849 1413 887 τε
1437 825 1486 888 καλ

312 941 401 1023 ἱδρὼς
432 940 482 1002 καὶ
511 940 659 1020 θερμότης
688 927 840 1020 λαμβόνει.
866 937 1091 1019 θερμανθέντος
1115 936 1147 1000 δὲ
1171 938 1258 1019 ἐτάκη
1283 939 1408 1021 ιδπερὶ
1433 940 1485 1020 τὴν

260 1139 263 1146 ⁴
312 1057 438 1134 ἐκφυσιν
469 1060 526 1115 κτλ.
551 1057 689 1116 Horrore
712 1055 767 1115 illo
792 1070 886 1115 mens
910 1056 1116 1130 perturbatur
1140 1056 1174 1115 et
1198 1057 1336 1132 aestuat,
1362 1071 1427 1130 quo
1451 1056 1485 1117 flt

313 1175 350 1232 ut
384 1171 485 1232 animi
519 1170 614 1230 robur
645 1169 730 1230 sicut
760 1169 883 1229 ferrum
918 1170 1143 1231 candefactum
1175 1169 1350 1230 molliatur.
1386 1170 1484 1232 Recte

316 1285 445 1359 eampb.
478 1283 577 1343 vertit
611 1287 675 1358 „loo
704 1283 808 1344 λοαλιδ
837 1283 858 1343 1.
884 1299 910 1343 e.
943 1299 1093 1359 nemone,
1125 1285 1295 1361 excitabis,
1326 1285 1385 1344 not
1417 1285 1484 1345 oool

315 1398 473 1470 enough.'‘
504 1397 590 1456 Astii
621 1389 653 1456 τ’*
676 1393 856 1475 ἀθυμότεροι
880 1397 989 1471 inepta
1012 1399 1073 1474 est,
1100 1412 1201 1470 quum
1225 1393 1342 1474 ἀθυμία
1367 1398 1484 1458 vitium

313 1512 367 1587 sit,
399 1527 462 1572 non
486 1525 562 1571 vero
593 1511 681 1570 iusta
704 1526 742 1570 ao
763 1511 945 1584 temperata
971 1510 1098 1587 μαλακία
1122 1512 1214 1581 (dixit
1237 1511 1326 1571 euim
1350 1509 1484 1587 μαλακώ-

315 1646 391 1703 τεροι
421 1631 487 1683 τοῦ
519 1623 537 1683 δ
545 1620 701 1694 ἑοντος).
733 1623 807 1684 Mox
838 1624 959 1697 corrige
992 1621 1042 1683 καὶ
1073 1619 1172 1703 ὀρθῶς
1203 1617 1240 1703 γ’,
1271 1621 1330 1701 ἔφη
1360 1622 1485 1702 [φοβού-

209 1817 211 1822 .
264 1735 291 1800 E
315 1741 415 1815 μεδα].
440 1728 460 1820 ΙΙ
483 1737 532 1796 Ex
555 1735 658 1814 ἥκιστα
685 1733 784 1795 δεινὸν
809 1753 864 1811 per
892 1752 1029 1811 zeugma
1052 1735 1128 1808 εἰκὸς
1152 1737 1193 1797 ad
1216 1731 1381 1816 ὀδύρεσθαι
1404 1738 1482 1810 cogi-

314 1852 449 1912 tandum
484 1853 545 1926 est,
581 1852 664 1924 quod
698 1849 767 1920 ¹iieri
797 1853 905 1925 potest
939 1866 1014 1911 cum
1053 1849 1155 1927 ἥκιστα
1188 1849 1287 1910 δεινὸν
1320 1852 1407 1912 idem
1441 1852 1486 1910 sit

315 1967 413 2038 atque
442 1962 545 2040 ἥκιστα
572 1961 649 2034 εἰκὸς
673 1961 765 2028 αὐτὸν
789 1960 927 2040 δεδιέναι,
949 1965 1059 2037 itaque
1083 1978 1148 2024 non
1172 1964 1326 2037 recipiam
1350 1979 1484 2038 pravam

315 2083 401 2149 (nam
436 2095 478 2140 ex
511 2078 679 2140 Adimanti
713 2092 866 2152 responso
896 2077 973 2137 τισλύ
1003 2098 1036 2157 γε
1065 2078 1086 2138 1.
1118 2093 1146 2138 e.
1177 2078 1255 2138 τιολύ
1282 2098 1314 2157 γε
1345 2076 1421 2150 εἰκὸς
1444 2075 1485 2155 μὴ

315 2188 478 2271 ὀδύρεσθαι
500 2194 590 2266 patet
613 2190 759 2252 iitallbuni
782 2192 902 2252 falsum
924 2196 1006 2263 esse)
1026 2177 1138 2252 Stallbi
1158 2190 1217 2252 Cau
1237 2187 1382 2270 ὀδύρεται,
1403 2187 1485 2270 φέρει

316 2303 348 2368 δὲ
375 2309 425 2365 κτλ
455 2321 514 2366 neo
544 2290 709 2378 Richardsi
740 2304 853 2376 (class.
886 2305 964 2366 Rev.
1000 2307 1094 2376 1893)
1122 2300 1287 2385 ὀδύρεσθαι
1314 2303 1485 2380 (iocus).

314 2420 429 2480 Incidit
460 2419 540 2480 mibi
571 2418 650 2479 olim
682 2418 822 2492 suspicio
853 2419 929 2478 ante
958 2415 1009 2476 καὶ
1040 2419 1199 2480 excidisse
1231 2418 1284 2495 δεῖ,
1313 2420 1397 2494 quod
1420 2435 1486 2481 non

314 2538 382 2598 tam
402 2533 611 2608 improbabile
632 2535 683 2594 est
704 2533 867 2606 reputanti
887 2548 983 2607 saepe
1006 2534 1082 2594 ante
1105 2530 1247 2602 auivoc.
1273 2529 1321 2609 δὴ,
1345 2547 1484 2606 quocum

314 2647 496 2710 sexcenties
525 2647 647 2708 librarii
679 2645 726 2705 δεῖ
751 2647 960 2723 confundunt,
986 2648 1156 2718 excidisse.
1181 2646 1296 2708 Confer
1318 2647 1352 2707 in
1377 2647 1485 2707 3881]

315 2760 363 2820 δεῖ
377 2755 603 2837 (83.·όδνρμοὺς
616 2745 715 2839 ᾅδειν)
736 2755 769 2817 δέ
787 2780 819 2838 γε
839 2755 902 2836 οόχ,
926 2755 965 2831 δος
985 2755 1050 2838 όλρτι
1072 2755 1145 2836 ἡμῖν
1169 2756 1184 2818 δ
1208 2758 1293 2839 λόγος
1318 2757 1484 2837 ἐσήμαινεν.

169 2880 231 2941 388
260 2875 290 2942 Α
358 2873 456 2935 Recte
476 2873 586 2934 Herm.
608 2872 742 2932 Homeri
764 2873 863 2932 verba
887 2870 1044 2949 (exceptis
1067 2869 1129 2933 τοτὲ
1153 2867 1281 2952 δ’όρθδν
1305 2869 1485 2951 ἀναστάντα)

313 2989 346 3048 in
368 3001 521 3048 versuum
540 2985 680 3046 formam
700 2986 832 3059 redegit.
853 2986 945 3046 Plato
965 3001 1069 3072 saepe
1081 2989 1250 3062 poetarum
1266 2987 1365 3047 verba
1378 2988 1487 3047 mutat

314 3099 620 3160 accommodationis
648 3099 763 3175 gratia,
796 3100 858 3161 vid.
891 3099 976 3160 dicta
990 3089 1040 3160 'ad
1065 3102 1128 3160 363
1141 3101 1184 3160 B.
1201 3093 1336 3162 Videtur
1359 3102 1487 3175 praeter

314 3207 471 3287 δινεύεσκ’,
489 3214 528 3272 ut
546 3227 630 3273 nunc
651 3213 784 3282 Homeri
804 3212 891 3274 codd.
912 3213 1056 3288 tradunt,
1076 3202 1256 3286 antiquitus
1276 3213 1380 3275 altera
1391 3214 1487 3275 lectio

313 3327 415 3390 fuisse
438 3320 594 3397 κλωΐζεσκ’
620 3323 721 3386 ἀλύων
745 3323 792 3385 ἐστὶ
811 3321 876 3385 θῖν’
899 3331 959 3402 κτλ,
978 3329 1014 3387 ut
1035 3327 1138 3387 3641)
1159 3325 1250 3388 λιστολ
1269 3342 1325 3403 pro
1345 3326 1489 3406 στρεπτοί,

315 3440 417 3500 424Β
448 3434 657 3517 ἐπιφρονὲοιισ’
683 3455 739 3514 pro
769 3434 958 3516 tacuisiovo',
982 3440 1093 3501 3191)
1116 3448 1217 3518 κηρῶν
1241 3437 1370 3517 ἔμπλειοι
1393 3435 1410 3499 ὃ
1434 3436 1488 3518 μὲν

314 3551 440 3631 ἐσθλῶν,
470 3550 563 3631 αὐτὰρ
594 3546 610 3611 ὃ
641 3551 745 3624 δειλῶν
775 3568 831 3628 pro
863 3551 967 3632 δώρων
998 3545 1046 3612 ολα
1074 3552 1188 3629 δίδωσι,
1206 3561 1316 3630 κακῶν,
1337 3550 1435 3632 ἕτεροςι
1456 3549 1489 3612 δέ

312 3661 337 3725 τ’
371 3665 465 3739 lolem
495 3666 706 3740 quamobrem
737 3660 890 3737 uiuliovc’
926 3666 1138 3727 sollicitatum
1169 3681 1241 3742 non¹
1261 3668 1489 3742 oportuerata

314 3781 393 3840 viris
424 3779 474 3841 dd.
503 3778 576 3839 aliis
599 3778 663 3839 alia
687 3778 961 3858 excogitantibus:
986 3779 1139 3846 Liebhold
1162 3776 1282 3857 (Fleok.
1305 3781 1375 3842 Jbb.
1403 3781 1487 3841 1888

313 3894 363 3980 bd.
410 3889 485 3969 137)
528 3891 566 3951 ci.
609 3883 674 3970 ττρῴ
713 3885 835 3969 δόξαντ’,
869 3892 1033 3960 Herwerd.
1071 3891 1145 3971 (Mn.
1185 3891 1282 3971 1891)
1317 3897 1350 3954 et
1383 3895 1489 3956 Naber

261 4017 290 4082 Β
315 3999 455 4078 αι’ἀζσνι’.
480 3996 499 4088 ΙΙ
524 4004 601 4088 Ρμτθ
626 3995 668 4064 ΑΙ
698 4001 891 4084 ἀμφοτέροισι
914 4003 985 4084 (sic)
1010 4007 1177 4067 exhibenti
1199 4007 1488 4082 obtemperandum

25 4070 27 4137 λ
267 4127 291 4195 0
316 4122 366 4180 est
389 4119 460 4180 coll.
487 4119 590 4179 3641)
613 4115 753 4197 εὐχωλαῖς
778 4115 935 4198 ἀγαναῖσιν
957 4136 1014 4196 pro
1037 4115 1179 4203 εὐχωλῇσ’
1206 4117 1342 4203 ἀγανῇσι.
1367 4112 1386 4204 ΙΙ
1407 4122 1489 4184 Male

25 4251 26 4322 ι
262 4241 263 4246 ’
313 4234 423 4323 Baiter
458 4248 484 4293 c.
520 4233 597 4293 Par⁰
623 4233 653 4292 A
686 4232 773 4293 dedit
805 4231 887 4315 ᾤμαι.
918 4233 1017 4298 Recte
1049 4233 1139 4294 editt.
1172 4231 1311 4310 (praeter
1341 4235 1424 4295 Bait.
1456 4237 1490 4294 et

315 4343 459 4423 eampb.)
483 4347 581 4407 verba
604 4342 627 4405 e
651 4344 743 4435 τιόττσι
767 4344 862 4421 φάναι
886 4361 905 4406 a
929 4347 1076 4408 uersibus
1097 4351 1298 4425 separarunt,
1319 4348 1383 4408 vid.
1404 4348 1490 4410 dicta

259 4461 355 4529 llad
390 4460 491 4520 3638
524 4457 650 4538 (φησίν).
676 4452 695 4542 ΙΙ
721 4459 789 4520 Sec.
823 4458 954 4536 (iampb.
981 4461 1052 4521 Par.
1077 4461 1106 4522 A
1129 4451 1232 4538 σχολιμ
1256 4461 1361 4521 exbib.
1391 4463 1489 4537 „with

314 4573 402 4650 gloss
433 4569 498 4631 ἀντὶ
528 4580 583 4643 τοῦ
613 4570 782 4649 οόδαμῶς.”
814 4573 899 4632 Ante
930 4573 1114 4637 Bekkerum
1142 4574 1308 4652 legebatur
1331 4597 1374 4646 τις
1397 4572 1490 4646 αὐτὸν
