<?xml version="1.0" encoding="UTF-8"?>
<!DOCTYPE html PUBLIC "-//W3C//DTD XHTML 1.0 Transitional//EN"
    "http://www.w3.org/TR/xhtml1/DTD/xhtml1-transitional.dtd">
<html xmlns="http://www.w3.org/1999/xhtml" xml:lang="en" lang="en">
 <head>
  <title>
</title>
<meta http-equiv="Content-Type" content="text/html;charset=utf-8" />
  <meta name='ocr-system' content='tesseract 3.04.00' />
  <meta name='ocr-capabilities' content='ocr_page ocr_carea ocr_par ocr_line ocrx_word'/>
</head>
<body>
  <div class='ocr_page' id='page_1' title='image "./notaecriticaead01hartgoog_0182.png"; bbox 0 0 3260 5098; ppageno 0'>
   <div class='ocr_carea' id='block_1_1' title="bbox 128 527 1396 2536">
    <p class='ocr_par' dir='ltr' id='par_1_1' title="bbox 128 527 1396 2536">
     <span class='ocr_line' id='line_1_1' title="bbox 183 527 1357 606; baseline 0.003 -18"><span class='ocrx_word' id='word_1_1' title='bbox 183 527 208 588; x_wconf 92' lang='lat' dir='ltr'>L</span> <span class='ocrx_word' id='word_1_2' title='bbox 239 527 460 606; x_wconf 82' lang='grc' dir='ltr'><strong><em>εἰιαμφοιερίζει</em></strong></span> <span class='ocrx_word' id='word_1_3' title='bbox 491 531 605 590; x_wconf 82' lang='lat' dir='ltr'>Aetius</span> <span class='ocrx_word' id='word_1_4' title='bbox 631 530 788 604; x_wconf 86' lang='lat' dir='ltr'>probavit,</span> <span class='ocrx_word' id='word_1_5' title='bbox 813 529 989 604; x_wconf 72' lang='lat' dir='ltr'><strong><em>rectissime,</em></strong></span> <span class='ocrx_word' id='word_1_6' title='bbox 1013 545 1077 590; x_wconf 91' lang='lat' dir='ltr'>non</span> <span class='ocrx_word' id='word_1_7' title='bbox 1099 532 1193 591; x_wconf 90' lang='lat' dir='ltr'>modo</span> <span class='ocrx_word' id='word_1_8' title='bbox 1218 531 1294 604; x_wconf 83' lang='lat' dir='ltr'>quia</span> <span class='ocrx_word' id='word_1_9' title='bbox 1317 533 1357 591; x_wconf 87' lang='lat' dir='ltr'>ad</span> 
     </span>
     <span class='ocr_line' id='line_1_2' title="bbox 182 640 1357 722; baseline 0.003 -20"><span class='ocrx_word' id='word_1_10' title='bbox 182 658 322 717; x_wconf 89' lang='lat' dir='ltr'>sequens</span> <span class='ocrx_word' id='word_1_11' title='bbox 353 641 483 703; x_wconf 79' lang='lat' dir='ltr'>dcccciv</span> <span class='ocrx_word' id='word_1_12' title='bbox 515 647 625 704; x_wconf 88' lang='lat' dir='ltr'>mente</span> <span class='ocrx_word' id='word_1_13' title='bbox 651 643 866 718; x_wconf 89' lang='lat' dir='ltr'>supplendum</span> <span class='ocrx_word' id='word_1_14' title='bbox 890 646 941 702; x_wconf 88' lang='lat' dir='ltr'>est</span> <span class='ocrx_word' id='word_1_15' title='bbox 964 640 1022 700; x_wconf 85' lang='grc' dir='ltr'><strong><em>ε’σιι</em></strong></span> <span class='ocrx_word' id='word_1_16' title='bbox 1046 658 1105 714; x_wconf 86' lang='lat' dir='ltr'>nec</span> <span class='ocrx_word' id='word_1_17' title='bbox 1128 658 1184 717; x_wconf 85' lang='lat' dir='ltr'>per</span> <span class='ocrx_word' id='word_1_18' title='bbox 1207 643 1316 722; x_wconf 75' lang='grc' dir='ltr'><strong><em>ζεῦγμα</em></strong></span> <span class='ocrx_word' id='word_1_19' title='bbox 1340 660 1357 705; x_wconf 98' lang='lat' dir='ltr'>e</span> 
     </span>
     <span class='ocr_line' id='line_1_3' title="bbox 181 751 1357 834; baseline 0.001 -18"><span class='ocrx_word' id='word_1_20' title='bbox 181 758 380 831; x_wconf 81' lang='lat' dir='ltr'>praegressis</span> <span class='ocrx_word' id='word_1_21' title='bbox 396 751 417 834; x_wconf 86' lang='lat'>¹)</span> <span class='ocrx_word' id='word_1_22' title='bbox 458 757 544 816; x_wconf 80' lang='grc' dir='ltr'><strong><em>δοκεῖ</em></strong></span> <span class='ocrx_word' id='word_1_23' title='bbox 573 758 613 817; x_wconf 85' lang='lat' dir='ltr'>ad</span> <span class='ocrx_word' id='word_1_24' title='bbox 648 757 742 816; x_wconf 87' lang='lat' dir='ltr'>illum</span> <span class='ocrx_word' id='word_1_25' title='bbox 777 756 975 817; x_wconf 82' lang='lat' dir='ltr'>indultivum</span> <span class='ocrx_word' id='word_1_26' title='bbox 1007 757 1235 831; x_wconf 84' lang='lat' dir='ltr'>explicandum</span> <span class='ocrx_word' id='word_1_27' title='bbox 1270 758 1357 817; x_wconf 84' lang='lat' dir='ltr'>sumi</span> 
     </span>
     <span class='ocr_line' id='line_1_4' title="bbox 181 867 1357 948; baseline -0.002 -18"><span class='ocrx_word' id='word_1_28' title='bbox 181 873 298 946; x_wconf 86' lang='lat' dir='ltr'>potest,</span> <span class='ocrx_word' id='word_1_29' title='bbox 335 873 391 932; x_wconf 90' lang='lat' dir='ltr'>sed</span> <span class='ocrx_word' id='word_1_30' title='bbox 422 871 615 945; x_wconf 85' lang='lat' dir='ltr'>praesertim</span> <span class='ocrx_word' id='word_1_31' title='bbox 646 871 721 944; x_wconf 88' lang='lat' dir='ltr'>quia</span> <span class='ocrx_word' id='word_1_32' title='bbox 752 871 791 946; x_wconf 83' lang='lat' dir='ltr'>ei,</span> <span class='ocrx_word' id='word_1_33' title='bbox 823 871 878 943; x_wconf 89' lang='lat' dir='ltr'>qui</span> <span class='ocrx_word' id='word_1_34' title='bbox 910 867 942 928; x_wconf 90' lang='grc' dir='ltr'>τὸ</span> <span class='ocrx_word' id='word_1_35' title='bbox 965 867 1207 948; x_wconf 71' lang='grc' dir='ltr'><strong><em>ἐπαμφοτερίζειν</em></strong></span> <span class='ocrx_word' id='word_1_36' title='bbox 1229 868 1261 929; x_wconf 83' lang='grc' dir='ltr'>τὸ</span> <span class='ocrx_word' id='word_1_37' title='bbox 1284 879 1357 928; x_wconf 83' lang='grc' dir='ltr'>τῶν</span> 
     </span>
     <span class='ocr_line' id='line_1_5' title="bbox 181 983 1356 1059; baseline 0.001 -17"><span class='ocrx_word' id='word_1_38' title='bbox 181 987 335 1043; x_wconf 80' lang='grc' dir='ltr'><strong><em>πολλῶν</em></strong></span> <span class='ocrx_word' id='word_1_39' title='bbox 355 985 515 1059; x_wconf 84' lang='lat' dir='ltr'>exemplis</span> <span class='ocrx_word' id='word_1_40' title='bbox 534 984 698 1044; x_wconf 86' lang='lat' dir='ltr'>illustrare</span> <span class='ocrx_word' id='word_1_41' title='bbox 718 985 862 1059; x_wconf 84' lang='lat' dir='ltr'>conatur,</span> <span class='ocrx_word' id='word_1_42' title='bbox 882 983 1018 1043; x_wconf 90' lang='lat' dir='ltr'>minime</span> <span class='ocrx_word' id='word_1_43' title='bbox 1030 983 1177 1044; x_wconf 88' lang='lat' dir='ltr'>dubitare</span> <span class='ocrx_word' id='word_1_44' title='bbox 1190 984 1356 1044; x_wconf 83' lang='lat' dir='ltr'>licetnum</span> 
     </span>
     <span class='ocr_line' id='line_1_6' title="bbox 181 1094 1356 1173; baseline -0.001 -16"><span class='ocrx_word' id='word_1_45' title='bbox 181 1098 252 1172; x_wconf 86' lang='lat' dir='ltr'>ipsa</span> <span class='ocrx_word' id='word_1_46' title='bbox 276 1097 333 1157; x_wconf 84' lang='lat' dir='ltr'>illa</span> <span class='ocrx_word' id='word_1_47' title='bbox 355 1098 505 1172; x_wconf 84' lang='lat' dir='ltr'>exempla</span> <span class='ocrx_word' id='word_1_48' title='bbox 528 1100 678 1157; x_wconf 84' lang='lat' dir='ltr'>naturam</span> <span class='ocrx_word' id='word_1_49' title='bbox 703 1105 761 1155; x_wconf 86' lang='grc' dir='ltr'>τῶν</span> <span class='ocrx_word' id='word_1_50' title='bbox 781 1094 1072 1173; x_wconf 78' lang='grc' dir='ltr'><strong><em>ἐιιαμφοτεριζόντον</em></strong></span> <span class='ocrx_word' id='word_1_51' title='bbox 1091 1097 1185 1171; x_wconf 85' lang='lat' dir='ltr'>plane</span> <span class='ocrx_word' id='word_1_52' title='bbox 1206 1097 1356 1172; x_wconf 83' lang='lat' dir='ltr'>referant,</span> 
     </span>
     <span class='ocr_line' id='line_1_7' title="bbox 180 1209 1358 1284; baseline -0.001 -13"><span class='ocrx_word' id='word_1_53' title='bbox 180 1213 264 1284; x_wconf 88' lang='lat' dir='ltr'>quod</span> <span class='ocrx_word' id='word_1_54' title='bbox 297 1226 361 1271; x_wconf 92' lang='lat' dir='ltr'>non</span> <span class='ocrx_word' id='word_1_55' title='bbox 395 1213 442 1271; x_wconf 84' lang='lat' dir='ltr'>ita</span> <span class='ocrx_word' id='word_1_56' title='bbox 473 1227 545 1272; x_wconf 85' lang='lat' dir='ltr'>esse</span> <span class='ocrx_word' id='word_1_57' title='bbox 576 1209 757 1270; x_wconf 87' lang='lat' dir='ltr'>infinitivus</span> <span class='ocrx_word' id='word_1_58' title='bbox 789 1210 904 1271; x_wconf 88' lang='lat' dir='ltr'>modus</span> <span class='ocrx_word' id='word_1_59' title='bbox 935 1210 1063 1270; x_wconf 79' lang='lat' dir='ltr'>indicet.</span> <span class='ocrx_word' id='word_1_60' title='bbox 1090 1244 1130 1252; x_wconf 94' lang='lat'><em>-</em></span> <span class='ocrx_word' id='word_1_61' title='bbox 1157 1210 1230 1270; x_wconf 86' lang='lat' dir='ltr'>Mox</span> <span class='ocrx_word' id='word_1_62' title='bbox 1261 1210 1358 1271; x_wconf 87' lang='lat' dir='ltr'>verba</span> 
     </span>
     <span class='ocr_line' id='line_1_8' title="bbox 179 1321 1357 1403; baseline -0.001 -20"><span class='ocrx_word' id='word_1_63' title='bbox 179 1321 247 1384; x_wconf 77' lang='lat' dir='ltr'>odire</span> <span class='ocrx_word' id='word_1_64' title='bbox 271 1322 423 1403; x_wconf 81' lang='grc' dir='ltr'><strong><em>ἀμφότερα</em></strong></span> <span class='ocrx_word' id='word_1_65' title='bbox 447 1321 513 1384; x_wconf 72' lang='grc' dir='ltr'><strong><em>οὔτε</em></strong></span> <span class='ocrx_word' id='word_1_66' title='bbox 536 1321 692 1401; x_wconf 80' lang='grc' dir='ltr'><strong><em>οὐδέτερον</em></strong></span> <span class='ocrx_word' id='word_1_67' title='bbox 716 1323 825 1398; x_wconf 86' lang='lat' dir='ltr'>spuria</span> <span class='ocrx_word' id='word_1_68' title='bbox 845 1324 931 1398; x_wconf 89' lang='lat' dir='ltr'>sunt,</span> <span class='ocrx_word' id='word_1_69' title='bbox 951 1338 1028 1382; x_wconf 87' lang='lat' dir='ltr'>nam</span> <span class='ocrx_word' id='word_1_70' title='bbox 1049 1323 1192 1396; x_wconf 90' lang='lat' dir='ltr'>primum</span> <span class='ocrx_word' id='word_1_71' title='bbox 1211 1323 1285 1383; x_wconf 85' lang='lat' dir='ltr'>illas</span> <span class='ocrx_word' id='word_1_72' title='bbox 1306 1339 1357 1384; x_wconf 88' lang='lat' dir='ltr'>res</span> 
     </span>
     <span class='ocr_line' id='line_1_9' title="bbox 180 1428 1396 1517; baseline -0.003 -20"><span class='ocrx_word' id='word_1_73' title='bbox 180 1435 336 1517; x_wconf 80' lang='grc' dir='ltr'><strong><em>οὐδέτερον</em></strong></span> <span class='ocrx_word' id='word_1_74' title='bbox 360 1454 432 1499; x_wconf 84' lang='lat' dir='ltr'>esse</span> <span class='ocrx_word' id='word_1_75' title='bbox 456 1439 550 1498; x_wconf 87' lang='lat' dir='ltr'>modo</span> <span class='ocrx_word' id='word_1_76' title='bbox 575 1433 652 1508; x_wconf 76' lang='grc' dir='ltr'><strong><em>(οὔτε</em></strong></span> <span class='ocrx_word' id='word_1_77' title='bbox 676 1428 751 1495; x_wconf 78' lang='grc' dir='ltr'><strong><em>εἶναι</em></strong></span> <span class='ocrx_word' id='word_1_78' title='bbox 776 1433 843 1495; x_wconf 74' lang='grc' dir='ltr'><strong><em>οὔτε</em></strong></span> <span class='ocrx_word' id='word_1_79' title='bbox 866 1433 905 1512; x_wconf 72' lang='grc' dir='ltr'>μὴ</span> <span class='ocrx_word' id='word_1_80' title='bbox 930 1428 1006 1494; x_wconf 78' lang='grc' dir='ltr'><strong><em>εἶναι</em></strong></span> <span class='ocrx_word' id='word_1_81' title='bbox 1029 1430 1119 1494; x_wconf 81' lang='grc' dir='ltr'><strong><em>οὐδὲν</em></strong></span> <span class='ocrx_word' id='word_1_82' title='bbox 1143 1433 1242 1494; x_wconf 79' lang='grc' dir='ltr'><strong><em>αὐτῶν</em></strong></span> <span class='ocrx_word' id='word_1_83' title='bbox 1266 1435 1358 1495; x_wconf 79' lang='lat' dir='ltr'>duva·</span> <span class='ocrx_word' id='word_1_84' title='bbox 1394 1448 1396 1453; x_wconf 82' lang='grc'>’</span> 
     </span>
     <span class='ocr_line' id='line_1_10' title="bbox 178 1549 1356 1631; baseline -0.003 -21"><span class='ocrx_word' id='word_1_85' title='bbox 178 1551 231 1611; x_wconf 82' lang='grc' dir='ltr'>τὸν</span> <span class='ocrx_word' id='word_1_86' title='bbox 250 1551 363 1631; x_wconf 80' lang='grc' dir='ltr'><strong><em>τιαμίοις</em></strong></span> <span class='ocrx_word' id='word_1_87' title='bbox 383 1550 502 1630; x_wconf 77' lang='grc' dir='ltr'><strong><em>νοῆσαι)</em></strong></span> <span class='ocrx_word' id='word_1_88' title='bbox 523 1552 644 1611; x_wconf 90' lang='lat' dir='ltr'>dictum</span> <span class='ocrx_word' id='word_1_89' title='bbox 666 1552 726 1626; x_wconf 91' lang='lat' dir='ltr'>est,</span> <span class='ocrx_word' id='word_1_90' title='bbox 747 1551 860 1610; x_wconf 87' lang='lat' dir='ltr'>deinde</span> <span class='ocrx_word' id='word_1_91' title='bbox 877 1564 941 1609; x_wconf 92' lang='lat' dir='ltr'>non</span> <span class='ocrx_word' id='word_1_92' title='bbox 953 1565 1068 1610; x_wconf 89' lang='lat' dir='ltr'>verum</span> <span class='ocrx_word' id='word_1_93' title='bbox 1081 1549 1216 1608; x_wconf 87' lang='lat' dir='ltr'>estillas</span> <span class='ocrx_word' id='word_1_94' title='bbox 1230 1564 1356 1608; x_wconf 74' lang='lat' dir='ltr'>resnou</span> 
     </span>
     <span class='ocr_line' id='line_1_11' title="bbox 180 1659 1357 1746; baseline -0.006 -20"><span class='ocrx_word' id='word_1_95' title='bbox 180 1682 254 1727; x_wconf 80' lang='lat' dir='ltr'>esse</span> <span class='ocrx_word' id='word_1_96' title='bbox 275 1663 436 1746; x_wconf 82' lang='grc' dir='ltr'><strong><em>ἀμφότερα,</em></strong></span> <span class='ocrx_word' id='word_1_97' title='bbox 455 1666 518 1726; x_wconf 76' lang='lat' dir='ltr'>alia</span> <span class='ocrx_word' id='word_1_98' title='bbox 530 1666 618 1726; x_wconf 81' lang='lat' dir='ltr'>enim</span> <span class='ocrx_word' id='word_1_99' title='bbox 630 1680 730 1738; x_wconf 83' lang='lat' dir='ltr'>quam</span> <span class='ocrx_word' id='word_1_100' title='bbox 749 1661 792 1722; x_wconf 80' lang='grc' dir='ltr'>τὰ</span> <span class='ocrx_word' id='word_1_101' title='bbox 812 1661 1186 1741; x_wconf 78' lang='grc' dir='ltr'><strong><em>ἐπαμφοτερίζοντα</em></strong></span> <span class='ocrx_word' id='word_1_102' title='bbox 1206 1659 1357 1740; x_wconf 82' lang='grc' dir='ltr'><strong><em>ἀμφότερα</em></strong></span> 
     </span>
     <span class='ocr_line' id='line_1_12' title="bbox 182 1771 1357 1859; baseline -0.007 -17"><span class='ocrx_word' id='word_1_103' title='bbox 182 1797 255 1842; x_wconf 84' lang='lat' dir='ltr'>esse</span> <span class='ocrx_word' id='word_1_104' title='bbox 281 1779 313 1859; x_wconf 85' lang='lat' dir='ltr'>(i.</span> <span class='ocrx_word' id='word_1_105' title='bbox 338 1797 365 1842; x_wconf 87' lang='lat' dir='ltr'>e.</span> <span class='ocrx_word' id='word_1_106' title='bbox 390 1788 443 1840; x_wconf 84' lang='grc' dir='ltr'>τοῦ</span> <span class='ocrx_word' id='word_1_107' title='bbox 466 1773 544 1839; x_wconf 78' lang='grc' dir='ltr'><strong><em>εἷναί</em></strong></span> <span class='ocrx_word' id='word_1_108' title='bbox 564 1800 593 1839; x_wconf 86' lang='grc' dir='ltr'>τε</span> <span class='ocrx_word' id='word_1_109' title='bbox 615 1776 665 1837; x_wconf 81' lang='grc' dir='ltr'><strong><em>καὶ</em></strong></span> <span class='ocrx_word' id='word_1_110' title='bbox 689 1775 729 1855; x_wconf 77' lang='grc' dir='ltr'>μὴ</span> <span class='ocrx_word' id='word_1_111' title='bbox 754 1771 830 1836; x_wconf 80' lang='grc' dir='ltr'><strong><em>εἶναι</em></strong></span> <span class='ocrx_word' id='word_1_112' title='bbox 853 1775 979 1855; x_wconf 81' lang='grc' dir='ltr'><em>μετέχειν</em></span> <span class='ocrx_word' id='word_1_113' title='bbox 993 1771 1029 1854; x_wconf 69' lang='grc' dir='ltr'>2λ)</span> <span class='ocrx_word' id='word_1_114' title='bbox 1050 1778 1192 1837; x_wconf 88' lang='lat' dir='ltr'>nondum</span> <span class='ocrx_word' id='word_1_115' title='bbox 1218 1776 1357 1835; x_wconf 87' lang='lat' dir='ltr'>medius·</span> 
     </span>
     <span class='ocr_line' id='line_1_13' title="bbox 128 1885 1358 1976; baseline -0.006 -20"><span class='ocrx_word' id='word_1_116' title='bbox 128 1899 160 1964; x_wconf 83' lang='grc' dir='ltr'>[λ</span> <span class='ocrx_word' id='word_1_117' title='bbox 183 1895 280 1956; x_wconf 87' lang='lat' dir='ltr'>fidius</span> <span class='ocrx_word' id='word_1_118' title='bbox 302 1897 459 1970; x_wconf 81' lang='lat' dir='ltr'>exputare</span> <span class='ocrx_word' id='word_1_119' title='bbox 478 1894 577 1969; x_wconf 92' lang='lat' dir='ltr'>potui.</span> <span class='ocrx_word' id='word_1_120' title='bbox 603 1885 622 1976; x_wconf 84' lang='grc' dir='ltr'>ΙΙ</span> <span class='ocrx_word' id='word_1_121' title='bbox 647 1894 731 1966; x_wconf 86' lang='lat' dir='ltr'>Lege</span> <span class='ocrx_word' id='word_1_122' title='bbox 749 1890 917 1951; x_wconf 74' lang='grc' dir='ltr'><strong><em>κυλίνδεται</em></strong></span> <span class='ocrx_word' id='word_1_123' title='bbox 936 1907 992 1966; x_wconf 94' lang='lat' dir='ltr'>pro</span> <span class='ocrx_word' id='word_1_124' title='bbox 1012 1889 1191 1949; x_wconf 73' lang='grc' dir='ltr'><strong><em>κυλινδεῖται</em></strong></span> <span class='ocrx_word' id='word_1_125' title='bbox 1211 1891 1244 1949; x_wconf 89' lang='lat' dir='ltr'>et</span> <span class='ocrx_word' id='word_1_126' title='bbox 1263 1889 1358 1963; x_wconf 87' lang='lat' dir='ltr'>paulo</span> 
     </span>
     <span class='ocr_line' id='line_1_14' title="bbox 181 2001 1356 2084; baseline -0.007 -14"><span class='ocrx_word' id='word_1_127' title='bbox 181 2012 256 2084; x_wconf 81' lang='lat' dir='ltr'>post</span> <span class='ocrx_word' id='word_1_128' title='bbox 278 2008 434 2068; x_wconf 88' lang='lat' dir='ltr'>eVeneto</span> <span class='ocrx_word' id='word_1_129' title='bbox 454 2004 602 2081; x_wconf 69' lang='lat' dir='ltr'>Erecipe</span> <span class='ocrx_word' id='word_1_130' title='bbox 622 2005 691 2064; x_wconf 73' lang='lat' dir='ltr'>V³¹¹¹</span> <span class='ocrx_word' id='word_1_131' title='bbox 709 2006 734 2064; x_wconf 91' lang='lat' dir='ltr'>L</span> <span class='ocrx_word' id='word_1_132' title='bbox 757 2001 988 2083; x_wconf 74' lang='grc' dir='ltr'><strong><em>ὡμολογήσαμεν</em></strong></span> <span class='ocrx_word' id='word_1_133' title='bbox 1009 2001 1104 2081; x_wconf 85' lang='lat' dir='ltr'>(quod</span> <span class='ocrx_word' id='word_1_134' title='bbox 1125 2004 1223 2063; x_wconf 84' lang='lat' dir='ltr'>etiam</span> <span class='ocrx_word' id='word_1_135' title='bbox 1247 2001 1356 2078; x_wconf 81' lang='lat' dir='ltr'>camp-</span> 
     </span>
     <span class='ocr_line' id='line_1_15' title="bbox 184 2119 1355 2198; baseline -0.005 -14"><span class='ocrx_word' id='word_1_136' title='bbox 184 2124 279 2184; x_wconf 89' lang='lat' dir='ltr'>bellio</span> <span class='ocrx_word' id='word_1_137' title='bbox 309 2124 529 2198; x_wconf 89' lang='lat' dir='ltr'>reponendum</span> <span class='ocrx_word' id='word_1_138' title='bbox 557 2122 666 2182; x_wconf 85' lang='lat' dir='ltr'>visum</span> <span class='ocrx_word' id='word_1_139' title='bbox 697 2119 759 2198; x_wconf 85' lang='lat' dir='ltr'>est.)</span> <span class='ocrx_word' id='word_1_140' title='bbox 791 2123 960 2196; x_wconf 85' lang='lat' dir='ltr'>propterea</span> <span class='ocrx_word' id='word_1_141' title='bbox 990 2121 1073 2193; x_wconf 89' lang='lat' dir='ltr'>quod</span> <span class='ocrx_word' id='word_1_142' title='bbox 1106 2120 1247 2179; x_wconf 88' lang='lat' dir='ltr'>aoristus</span> <span class='ocrx_word' id='word_1_143' title='bbox 1270 2135 1355 2194; x_wconf 89' lang='lat' dir='ltr'>prae·</span> 
     </span>
     <span class='ocr_line' id='line_1_16' title="bbox 183 2232 1357 2312; baseline -0.003 -16"><span class='ocrx_word' id='word_1_144' title='bbox 183 2237 276 2297; x_wconf 82' lang='lat' dir='ltr'>cedit.</span> <span class='ocrx_word' id='word_1_145' title='bbox 301 2237 410 2296; x_wconf 81' lang='lat' dir='ltr'>Baiter</span> <span class='ocrx_word' id='word_1_146' title='bbox 434 2239 544 2295; x_wconf 86' lang='lat' dir='ltr'>contra</span> <span class='ocrx_word' id='word_1_147' title='bbox 567 2235 695 2294; x_wconf 84' lang='lat' dir='ltr'>mavult</span> <span class='ocrx_word' id='word_1_148' title='bbox 718 2234 893 2294; x_wconf 85' lang='lat' dir='ltr'>rescribere</span> <span class='ocrx_word' id='word_1_149' title='bbox 913 2232 1212 2312; x_wconf 68' lang='grc' dir='ltr'><strong><em>αοοωμολογιίναμεν,</em></strong></span> <span class='ocrx_word' id='word_1_150' title='bbox 1231 2234 1266 2291; x_wconf 87' lang='lat' dir='ltr'>at</span> <span class='ocrx_word' id='word_1_151' title='bbox 1286 2235 1357 2292; x_wconf 89' lang='lat' dir='ltr'>tum</span> 
     </span>
     <span class='ocr_line' id='line_1_17' title="bbox 183 2347 1358 2428; baseline -0.005 -18"><span class='ocrx_word' id='word_1_152' title='bbox 183 2351 381 2411; x_wconf 82' lang='lat' dir='ltr'>Glauconem</span> <span class='ocrx_word' id='word_1_153' title='bbox 406 2384 445 2392; x_wconf 94' lang='lat'><em>-</em></span> <span class='ocrx_word' id='word_1_154' title='bbox 470 2348 759 2428; x_wconf 75' lang='grc' dir='ltr'><strong><em>τιμοωμολομήκαμεν</em></strong></span> <span class='ocrx_word' id='word_1_155' title='bbox 780 2349 867 2408; x_wconf 88' lang='lat' dir='ltr'>enim</span> <span class='ocrx_word' id='word_1_156' title='bbox 889 2347 1048 2421; x_wconf 86' lang='lat' dir='ltr'>significat</span> <span class='ocrx_word' id='word_1_157' title='bbox 1072 2348 1202 2422; x_wconf 88' lang='lat' dir='ltr'>„nostra</span> <span class='ocrx_word' id='word_1_158' title='bbox 1221 2347 1358 2420; x_wconf 89' lang='lat' dir='ltr'>pristina</span> 
     </span>
     <span class='ocr_line' id='line_1_18' title="bbox 183 2462 1358 2536; baseline -0.007 -12"><span class='ocrx_word' id='word_1_159' title='bbox 183 2481 209 2525; x_wconf 79' lang='lat' dir='ltr'>a.</span> <span class='ocrx_word' id='word_1_160' title='bbox 234 2465 427 2524; x_wconf 82' lang='lat' dir='ltr'>antecedens</span> <span class='ocrx_word' id='word_1_161' title='bbox 451 2464 613 2524; x_wconf 84' lang='lat' dir='ltr'>sententia</span> <span class='ocrx_word' id='word_1_162' title='bbox 638 2464 708 2522; x_wconf 86' lang='lat' dir='ltr'>est&#39;’</span> <span class='ocrx_word' id='word_1_163' title='bbox 737 2497 774 2505; x_wconf 96' lang='lat'><em>-</em></span> <span class='ocrx_word' id='word_1_164' title='bbox 799 2462 990 2536; x_wconf 88' lang='lat' dir='ltr'>respondere</span> <span class='ocrx_word' id='word_1_165' title='bbox 1014 2462 1198 2535; x_wconf 83' lang='lat' dir='ltr'>oportuerat</span> <span class='ocrx_word' id='word_1_166' title='bbox 1222 2479 1358 2536; x_wconf 84' lang='grc' dir='ltr'><strong><em>ιιμοοιμο-</em></strong></span> 
     </span>
    </p>
   </div>
   <div class='ocr_carea' id='block_1_2' title="bbox 35 2573 1356 2880">
    <p class='ocr_par' dir='ltr' id='par_1_2' title="bbox 35 2573 1356 2880">
     <span class='ocr_line' id='line_1_19' title="bbox 182 2573 726 2657; baseline -0.002 -20"><span class='ocrx_word' id='word_1_167' title='bbox 182 2577 349 2657; x_wconf 78' lang='grc' dir='ltr'><strong><em>λογήκαμεν</em></strong></span> <span class='ocrx_word' id='word_1_168' title='bbox 374 2575 449 2655; x_wconf 75' lang='lat' dir='ltr'>(iton</span> <span class='ocrx_word' id='word_1_169' title='bbox 473 2573 726 2656; x_wconf 78' lang='grc' dir='ltr'><strong><em>ὡμολογήκαμεν).</em></strong></span> 
     </span>
     <span class='ocr_line' id='line_1_20' title="bbox 35 2685 1356 2770; baseline -0.005 -20"><span class='ocrx_word' id='word_1_170' title='bbox 35 2701 101 2759; x_wconf 80' lang='lat'>480</span> <span class='ocrx_word' id='word_1_171' title='bbox 128 2694 159 2761; x_wconf 77' lang='grc' dir='ltr'>Α</span> <span class='ocrx_word' id='word_1_172' title='bbox 227 2690 296 2749; x_wconf 73' lang='lat' dir='ltr'>V³¹¹¹</span> <span class='ocrx_word' id='word_1_173' title='bbox 320 2692 345 2750; x_wconf 92' lang='lat' dir='ltr'>L</span> <span class='ocrx_word' id='word_1_174' title='bbox 368 2687 406 2749; x_wconf 76' lang='lat' dir='ltr'>dv</span> <span class='ocrx_word' id='word_1_175' title='bbox 427 2685 456 2770; x_wconf 78' lang='grc' dir='ltr'>μ’</span> <span class='ocrx_word' id='word_1_176' title='bbox 484 2687 548 2768; x_wconf 78' lang='grc' dir='ltr'><strong><em>ἐμοὶ</em></strong></span> <span class='ocrx_word' id='word_1_177' title='bbox 572 2694 755 2761; x_wconf 81' lang='grc' dir='ltr'><strong><em>(νειθῶνται)</em></strong></span> <span class='ocrx_word' id='word_1_178' title='bbox 779 2705 835 2763; x_wconf 94' lang='lat' dir='ltr'>pro</span> <span class='ocrx_word' id='word_1_179' title='bbox 858 2685 893 2746; x_wconf 77' lang='grc' dir='ltr'>ἅν</span> <span class='ocrx_word' id='word_1_180' title='bbox 919 2685 952 2767; x_wconf 79' lang='grc' dir='ltr'>με’</span> <span class='ocrx_word' id='word_1_181' title='bbox 975 2709 1024 2765; x_wconf 93' lang='grc' dir='ltr'>μοι</span> <span class='ocrx_word' id='word_1_182' title='bbox 1045 2688 1111 2748; x_wconf 85' lang='lat' dir='ltr'>fere</span> <span class='ocrx_word' id='word_1_183' title='bbox 1132 2701 1246 2746; x_wconf 90' lang='lat' dir='ltr'>omnes</span> <span class='ocrx_word' id='word_1_184' title='bbox 1267 2685 1356 2744; x_wconf 87' lang='lat' dir='ltr'>editt.</span> 
     </span>
     <span class='ocr_line' id='line_1_21' title="bbox 183 2803 903 2880; baseline -0.004 -16"><span class='ocrx_word' id='word_1_185' title='bbox 183 2808 270 2865; x_wconf 88' lang='lat' dir='ltr'>recte</span> <span class='ocrx_word' id='word_1_186' title='bbox 293 2806 484 2880; x_wconf 86' lang='lat' dir='ltr'>probarunt:</span> <span class='ocrx_word' id='word_1_187' title='bbox 509 2805 580 2864; x_wconf 90' lang='lat' dir='ltr'>vide</span> <span class='ocrx_word' id='word_1_188' title='bbox 605 2805 691 2864; x_wconf 84' lang='lat' dir='ltr'>dicta</span> <span class='ocrx_word' id='word_1_189' title='bbox 714 2804 754 2862; x_wconf 91' lang='lat' dir='ltr'>ad</span> <span class='ocrx_word' id='word_1_190' title='bbox 779 2805 842 2862; x_wconf 81' lang='lat'>352</span> <span class='ocrx_word' id='word_1_191' title='bbox 867 2803 903 2862; x_wconf 90' lang='lat' dir='ltr'>D.</span> 
     </span>
    </p>
   </div>
   <div class='ocr_carea' id='block_1_3' title="bbox 217 3060 1227 3208">
    <p class='ocr_par' dir='ltr' id='par_1_3' title="bbox 217 3060 1227 3208">
     <span class='ocr_line' id='line_1_22' title="bbox 218 3060 1169 3127; baseline -0.006 -15"><span class='ocrx_word' id='word_1_192' title='bbox 218 3063 237 3127; x_wconf 83' lang='lat'>¹)</span> <span class='ocrx_word' id='word_1_193' title='bbox 255 3066 337 3112; x_wconf 84' lang='lat' dir='ltr'>Multo</span> <span class='ocrx_word' id='word_1_194' title='bbox 355 3067 433 3112; x_wconf 82' lang='lat' dir='ltr'>etiem</span> <span class='ocrx_word' id='word_1_195' title='bbox 451 3065 536 3110; x_wconf 87' lang='lat' dir='ltr'>minus</span> <span class='ocrx_word' id='word_1_196' title='bbox 554 3077 586 3110; x_wconf 84' lang='lat' dir='ltr'>ex</span> <span class='ocrx_word' id='word_1_197' title='bbox 602 3075 664 3109; x_wconf 88' lang='lat' dir='ltr'>voce</span> <span class='ocrx_word' id='word_1_198' title='bbox 681 3062 803 3114; x_wconf 69' lang='lat' dir='ltr'>educarer,</span> <span class='ocrx_word' id='word_1_199' title='bbox 820 3063 850 3107; x_wconf 88' lang='lat' dir='ltr'>ut</span> <span class='ocrx_word' id='word_1_200' title='bbox 868 3060 1008 3106; x_wconf 83' lang='lat' dir='ltr'>Schneider</span> <span class='ocrx_word' id='word_1_201' title='bbox 1026 3061 1169 3106; x_wconf 82' lang='lat' dir='ltr'>somniavit.</span> 
     </span>
     <span class='ocr_line' id='line_1_23' title="bbox 217 3138 1227 3208; baseline -0.008 -16"><span class='ocrx_word' id='word_1_202' title='bbox 217 3141 238 3208; x_wconf 60' lang='grc'>9)</span> <span class='ocrx_word' id='word_1_203' title='bbox 257 3146 294 3192; x_wconf 74' lang='lat'>01⁴.</span> <span class='ocrx_word' id='word_1_204' title='bbox 313 3146 394 3192; x_wconf 74' lang='lat'>4781)</span> <span class='ocrx_word' id='word_1_205' title='bbox 412 3147 434 3190; x_wconf 72' lang='lat' dir='ltr'>ri</span> <span class='ocrx_word' id='word_1_206' title='bbox 447 3159 468 3190; x_wconf 79' lang='grc' dir='ltr'>τι</span> <span class='ocrx_word' id='word_1_207' title='bbox 486 3146 568 3204; x_wconf 74' lang='grc' dir='ltr'><strong><em>φανείη</em></strong></span> <span class='ocrx_word' id='word_1_208' title='bbox 586 3138 634 3188; x_wconf 73' lang='lat' dir='ltr'>aior</span> <span class='ocrx_word' id='word_1_209' title='bbox 651 3143 700 3199; x_wconf 76' lang='grc' dir='ltr'><strong><em>ἅμα</em></strong></span> <span class='ocrx_word' id='word_1_210' title='bbox 718 3142 744 3187; x_wconf 79' lang='grc' dir='ltr'>ὄν</span> <span class='ocrx_word' id='word_1_211' title='bbox 762 3156 786 3186; x_wconf 80' lang='grc' dir='ltr'>τι</span> <span class='ocrx_word' id='word_1_212' title='bbox 805 3142 842 3186; x_wconf 77' lang='grc' dir='ltr'><strong><em>καί</em></strong></span> <span class='ocrx_word' id='word_1_213' title='bbox 858 3140 891 3198; x_wconf 77' lang='grc' dir='ltr'>μὴ</span> <span class='ocrx_word' id='word_1_214' title='bbox 909 3141 942 3193; x_wconf 79' lang='grc' dir='ltr'>ὅν,</span> <span class='ocrx_word' id='word_1_215' title='bbox 961 3141 1039 3186; x_wconf 73' lang='lat' dir='ltr'>etin</span> <span class='ocrx_word' id='word_1_216' title='bbox 1056 3143 1077 3186; x_wconf 82' lang='grc' dir='ltr'>εί</span> <span class='ocrx_word' id='word_1_217' title='bbox 1092 3140 1117 3186; x_wconf 77' lang='grc' dir='ltr'>δὲ</span> <span class='ocrx_word' id='word_1_218' title='bbox 1135 3140 1163 3198; x_wconf 72' lang='grc' dir='ltr'>δὴ</span> <span class='ocrx_word' id='word_1_219' title='bbox 1181 3144 1227 3185; x_wconf 82' lang='grc' dir='ltr'><strong><em>κτλ.</em></strong></span> 
     </span>
    </p>
   </div>
   <div class='ocr_carea' id='block_1_4' title="bbox 0 0 1634 5098">
    <p class='ocr_par' dir='ltr' id='par_1_4' title="bbox 0 0 1634 5098">
     <span class='ocr_line' id='line_1_24' title="bbox 0 0 1634 5098; baseline 0 0"><span class='ocrx_word' id='word_1_220' title='bbox 0 0 1634 5098; x_wconf 95' lang='lat' dir='ltr'> </span> 
     </span>
    </p>
   </div>
  </div>
 </body>
</html>
