<?xml version="1.0" encoding="UTF-8"?>
<!DOCTYPE html PUBLIC "-//W3C//DTD XHTML 1.0 Transitional//EN"
    "http://www.w3.org/TR/xhtml1/DTD/xhtml1-transitional.dtd">
<html xmlns="http://www.w3.org/1999/xhtml" xml:lang="en" lang="en">
 <head>
  <title>
</title>
<meta http-equiv="Content-Type" content="text/html;charset=utf-8" />
  <meta name='ocr-system' content='tesseract 3.04.00' />
  <meta name='ocr-capabilities' content='ocr_page ocr_carea ocr_par ocr_line ocrx_word'/>
</head>
<body>
  <div class='ocr_page' id='page_1' title='image "./notaecriticaead01hartgoog_0039.png"; bbox 0 0 3278 5098; ppageno 0'>
   <div class='ocr_carea' id='block_1_1' title="bbox 876 305 1036 380">
    <p class='ocr_par' dir='ltr' id='par_1_1' title="bbox 876 305 1036 380">
     <span class='ocr_line' id='line_1_1' title="bbox 876 305 1036 380; baseline 0 0"><span class='ocrx_word' id='word_1_1' title='bbox 876 305 1036 380; x_wconf 46' lang='lat' dir='ltr'>re*</span> 
     </span>
    </p>
   </div>
   <div class='ocr_carea' id='block_1_2' title="bbox 162 506 1488 4218">
    <p class='ocr_par' dir='ltr' id='par_1_2' title="bbox 305 506 1481 1280">
     <span class='ocr_line' id='line_1_2' title="bbox 307 506 1480 588; baseline 0 -18"><span class='ocrx_word' id='word_1_2' title='bbox 307 507 362 587; x_wconf 77' lang='grc' dir='ltr'><strong><em>ἔχει</em></strong></span> <span class='ocrx_word' id='word_1_3' title='bbox 386 507 425 581; x_wconf 74' lang='grc' dir='ltr'>ὥς</span> <span class='ocrx_word' id='word_1_4' title='bbox 447 531 498 588; x_wconf 85' lang='grc' dir='ltr'>μοι</span> <span class='ocrx_word' id='word_1_5' title='bbox 520 511 620 583; x_wconf 56' lang='lat' dir='ltr'>donea</span> <span class='ocrx_word' id='word_1_6' title='bbox 647 506 667 581; x_wconf 84' lang='lat'>¹)</span> <span class='ocrx_word' id='word_1_7' title='bbox 698 513 732 572; x_wconf 89' lang='lat' dir='ltr'>et</span> <span class='ocrx_word' id='word_1_8' title='bbox 761 512 938 572; x_wconf 91' lang='lat' dir='ltr'>verisimile</span> <span class='ocrx_word' id='word_1_9' title='bbox 962 513 1013 572; x_wconf 89' lang='lat' dir='ltr'>est</span> <span class='ocrx_word' id='word_1_10' title='bbox 1035 525 1101 587; x_wconf 87' lang='lat' dir='ltr'>eos,</span> <span class='ocrx_word' id='word_1_11' title='bbox 1126 526 1226 584; x_wconf 86' lang='lat' dir='ltr'>quum</span> <span class='ocrx_word' id='word_1_12' title='bbox 1252 511 1321 572; x_wconf 89' lang='lat' dir='ltr'>sols</span> <span class='ocrx_word' id='word_1_13' title='bbox 1343 526 1480 585; x_wconf 83' lang='lat' dir='ltr'>pronun·</span> 
     </span>
     <span class='ocr_line' id='line_1_3' title="bbox 305 624 1479 700; baseline 0.001 -17"><span class='ocrx_word' id='word_1_14' title='bbox 305 624 438 684; x_wconf 88' lang='lat' dir='ltr'>tiatione</span> <span class='ocrx_word' id='word_1_15' title='bbox 459 625 631 687; x_wconf 81' lang='lat' dir='ltr'><strong>discrimen</strong></span> <span class='ocrx_word' id='word_1_16' title='bbox 650 626 736 686; x_wconf 89' lang='lat' dir='ltr'>inter</span> <span class='ocrx_word' id='word_1_17' title='bbox 754 628 927 698; x_wconf 83' lang='lat' dir='ltr'>utramque</span> <span class='ocrx_word' id='word_1_18' title='bbox 947 625 1058 700; x_wconf 87' lang='lat' dir='ltr'>partic.</span> <span class='ocrx_word' id='word_1_19' title='bbox 1080 625 1284 686; x_wconf 81' lang='lat' dir='ltr'>intercedens</span> <span class='ocrx_word' id='word_1_20' title='bbox 1297 625 1479 699; x_wconf 85' lang='lat' dir='ltr'>exprimere</span> 
     </span>
     <span class='ocr_line' id='line_1_4' title="bbox 305 734 1480 814; baseline 0 -16"><span class='ocrx_word' id='word_1_21' title='bbox 305 740 447 814; x_wconf 81' lang='lat' dir='ltr'>possent,</span> <span class='ocrx_word' id='word_1_22' title='bbox 468 740 541 813; x_wconf 88' lang='lat' dir='ltr'>post</span> <span class='ocrx_word' id='word_1_23' title='bbox 561 734 691 814; x_wconf 55' lang='lat' dir='ltr'>odaeum</span> <span class='ocrx_word' id='word_1_24' title='bbox 713 739 892 800; x_wconf 87' lang='lat' dir='ltr'>orationem</span> <span class='ocrx_word' id='word_1_25' title='bbox 913 739 1002 798; x_wconf 87' lang='lat' dir='ltr'>brevi</span> <span class='ocrx_word' id='word_1_26' title='bbox 1023 754 1114 800; x_wconf 88' lang='lat' dir='ltr'>mora</span> <span class='ocrx_word' id='word_1_27' title='bbox 1131 738 1357 798; x_wconf 87' lang='lat' dir='ltr'>intermisisse.</span> <span class='ocrx_word' id='word_1_28' title='bbox 1373 738 1480 813; x_wconf 77' lang='lat' dir='ltr'>Quum</span> 
     </span>
     <span class='ocr_line' id='line_1_5' title="bbox 306 849 1480 925; baseline 0.001 -16"><span class='ocrx_word' id='word_1_29' title='bbox 306 851 438 912; x_wconf 78' lang='lat' dir='ltr'>ridicule</span> <span class='ocrx_word' id='word_1_30' title='bbox 459 852 519 912; x_wconf 92' lang='lat' dir='ltr'>viri</span> <span class='ocrx_word' id='word_1_31' title='bbox 542 853 592 913; x_wconf 91' lang='lat' dir='ltr'>dd.</span> <span class='ocrx_word' id='word_1_32' title='bbox 614 853 809 914; x_wconf 86' lang='lat' dir='ltr'>contendant</span> <span class='ocrx_word' id='word_1_33' title='bbox 829 853 861 911; x_wconf 92' lang='lat' dir='ltr'>in</span> <span class='ocrx_word' id='word_1_34' title='bbox 882 849 995 912; x_wconf 80' lang='grc' dir='ltr'><strong><em>οὐκοῦν</em></strong></span> <span class='ocrx_word' id='word_1_35' title='bbox 1011 852 1079 912; x_wconf 90' lang='lat' dir='ltr'>vim</span> <span class='ocrx_word' id='word_1_36' title='bbox 1090 851 1268 925; x_wconf 78' lang='lat' dir='ltr'>particulae</span> <span class='ocrx_word' id='word_1_37' title='bbox 1281 849 1336 910; x_wconf 82' lang='grc' dir='ltr'>οὐκ</span> <span class='ocrx_word' id='word_1_38' title='bbox 1347 866 1480 925; x_wconf 90' lang='lat' dir='ltr'>prorsus</span> 
     </span>
     <span class='ocr_line' id='line_1_6' title="bbox 306 964 1479 1041; baseline 0.001 -18"><span class='ocrx_word' id='word_1_39' title='bbox 306 965 478 1025; x_wconf 84' lang='lat' dir='ltr'>evanidam</span> <span class='ocrx_word' id='word_1_40' title='bbox 507 964 576 1026; x_wconf 90' lang='lat' dir='ltr'>fieri</span> <span class='ocrx_word' id='word_1_41' title='bbox 606 967 761 1041; x_wconf 92' lang='lat' dir='ltr'>potuisse,</span> <span class='ocrx_word' id='word_1_42' title='bbox 792 967 898 1038; x_wconf 83' lang='lat' dir='ltr'>magis</span> <span class='ocrx_word' id='word_1_43' title='bbox 925 980 1102 1026; x_wconf 91' lang='lat' dir='ltr'>consonum</span> <span class='ocrx_word' id='word_1_44' title='bbox 1127 968 1178 1025; x_wconf 91' lang='grc'>331</span> <span class='ocrx_word' id='word_1_45' title='bbox 1200 965 1331 1038; x_wconf 81' lang='lat' dir='ltr'>linguae</span> <span class='ocrx_word' id='word_1_46' title='bbox 1353 965 1479 1038; x_wconf 85' lang='lat' dir='ltr'>legibus</span> 
     </span>
     <span class='ocr_line' id='line_1_7' title="bbox 305 1077 1480 1154; baseline 0.002 -18"><span class='ocrx_word' id='word_1_47' title='bbox 305 1077 398 1137; x_wconf 89' lang='lat' dir='ltr'>illum</span> <span class='ocrx_word' id='word_1_48' title='bbox 418 1078 551 1150; x_wconf 84' lang='lat' dir='ltr'>rogandi</span> <span class='ocrx_word' id='word_1_49' title='bbox 571 1079 704 1138; x_wconf 90' lang='lat' dir='ltr'>modum</span> <span class='ocrx_word' id='word_1_50' title='bbox 724 1093 780 1153; x_wconf 92' lang='lat' dir='ltr'>per</span> <span class='ocrx_word' id='word_1_51' title='bbox 799 1078 925 1152; x_wconf 83' lang='lat' dir='ltr'>ellipsin</span> <span class='ocrx_word' id='word_1_52' title='bbox 946 1078 1117 1154; x_wconf 84' lang='lat' dir='ltr'>explicare,</span> <span class='ocrx_word' id='word_1_53' title='bbox 1133 1093 1197 1151; x_wconf 86' lang='lat' dir='ltr'>qua</span> <span class='ocrx_word' id='word_1_54' title='bbox 1209 1077 1364 1138; x_wconf 88' lang='lat' dir='ltr'>orationis</span> <span class='ocrx_word' id='word_1_55' title='bbox 1376 1077 1480 1152; x_wconf 86' lang='lat' dir='ltr'>figura</span> 
     </span>
     <span class='ocr_line' id='line_1_8' title="bbox 306 1181 1481 1280; baseline 0 -30"><span class='ocrx_word' id='word_1_56' title='bbox 306 1192 497 1280; x_wconf 87' lang='lat' dir='ltr'>saepissime</span> <span class='ocrx_word' id='word_1_57' title='bbox 530 1192 642 1252; x_wconf 80' lang='lat' dir='ltr'>Graeci</span> <span class='ocrx_word' id='word_1_58' title='bbox 672 1193 724 1252; x_wconf 90' lang='lat' dir='ltr'>usi</span> <span class='ocrx_word' id='word_1_59' title='bbox 752 1193 844 1266; x_wconf 91' lang='lat' dir='ltr'>sunt;</span> <span class='ocrx_word' id='word_1_60' title='bbox 869 1192 942 1252; x_wconf 89' lang='lat' dir='ltr'>vide</span> <span class='ocrx_word' id='word_1_61' title='bbox 967 1207 1017 1252; x_wconf 83' lang='lat' dir='ltr'>ex.</span> <span class='ocrx_word' id='word_1_62' title='bbox 1042 1207 1089 1265; x_wconf 85' lang='lat' dir='ltr'>gr.</span> <span class='ocrx_word' id='word_1_63' title='bbox 1114 1191 1143 1249; x_wconf 87' lang='grc' dir='ltr'>τί</span> <span class='ocrx_word' id='word_1_64' title='bbox 1164 1181 1236 1264; x_wconf 74' lang='lat' dir='ltr'>odv3</span> <span class='ocrx_word' id='word_1_65' title='bbox 1260 1199 1322 1262; x_wconf 81' lang='grc' dir='ltr'>πῶς</span> <span class='ocrx_word' id='word_1_66' title='bbox 1345 1189 1401 1270; x_wconf 82' lang='grc' dir='ltr'>γὰρ</span> <span class='ocrx_word' id='word_1_67' title='bbox 1426 1188 1481 1264; x_wconf 79' lang='lat' dir='ltr'>od3</span> 
     </span>
    </p>

    <p class='ocr_par' dir='ltr' id='par_1_3' title="bbox 225 1287 1483 2412">
     <span class='ocr_line' id='line_1_9' title="bbox 225 1287 1479 1385; baseline 0.004 -24"><span class='ocrx_word' id='word_1_68' title='bbox 225 1287 230 1298; x_wconf 47' lang='lat'>⁸</span> <span class='ocrx_word' id='word_1_69' title='bbox 306 1302 335 1362; x_wconf 83' lang='grc' dir='ltr'>τί</span> <span class='ocrx_word' id='word_1_70' title='bbox 356 1303 432 1381; x_wconf 60' lang='lat' dir='ltr'>prim</span> <span class='ocrx_word' id='word_1_71' title='bbox 455 1304 484 1363; x_wconf 78' lang='grc' dir='ltr'>τί</span> <span class='ocrx_word' id='word_1_72' title='bbox 503 1303 575 1385; x_wconf 73' lang='lat' dir='ltr'>ydo3</span> <span class='ocrx_word' id='word_1_73' title='bbox 598 1296 617 1382; x_wconf 76' lang='grc' dir='ltr'><strong><em>ἦ</em></strong></span> <span class='ocrx_word' id='word_1_74' title='bbox 641 1304 713 1384; x_wconf 60' lang='lat' dir='ltr'>petru</span> <span class='ocrx_word' id='word_1_75' title='bbox 736 1305 765 1364; x_wconf 85' lang='grc' dir='ltr'>τί</span> <span class='ocrx_word' id='word_1_76' title='bbox 788 1301 836 1377; x_wconf 81' lang='grc' dir='ltr'>δέ;</span> <span class='ocrx_word' id='word_1_77' title='bbox 860 1305 933 1366; x_wconf 82' lang='lat' dir='ltr'>alia.</span> <span class='ocrx_word' id='word_1_78' title='bbox 958 1307 1038 1366; x_wconf 82' lang='lat' dir='ltr'>Tres</span> <span class='ocrx_word' id='word_1_79' title='bbox 1061 1305 1159 1379; x_wconf 78' lang='lat' dir='ltr'>igitur</span> <span class='ocrx_word' id='word_1_80' title='bbox 1183 1308 1260 1366; x_wconf 76' lang='lat' dir='ltr'>sunt</span> <span class='ocrx_word' id='word_1_81' title='bbox 1279 1302 1392 1366; x_wconf 73' lang='grc' dir='ltr'><strong><em>οὔκουν</em></strong></span> <span class='ocrx_word' id='word_1_82' title='bbox 1411 1321 1479 1381; x_wconf 85' lang='lat' dir='ltr'>par·</span> 
     </span>
     <span class='ocr_line' id='line_1_10' title="bbox 305 1417 1481 1494; baseline 0.004 -18"><span class='ocrx_word' id='word_1_83' title='bbox 305 1417 439 1478; x_wconf 66' lang='grc'>1133133</span> <span class='ocrx_word' id='word_1_84' title='bbox 472 1434 537 1478; x_wconf 87' lang='lat' dir='ltr'>una</span> <span class='ocrx_word' id='word_1_85' title='bbox 567 1420 713 1492; x_wconf 84' lang='lat' dir='ltr'>negando</span> <span class='ocrx_word' id='word_1_86' title='bbox 744 1421 889 1494; x_wconf 91' lang='lat' dir='ltr'>inservit,</span> <span class='ocrx_word' id='word_1_87' title='bbox 923 1421 1004 1480; x_wconf 89' lang='lat' dir='ltr'>duae</span> <span class='ocrx_word' id='word_1_88' title='bbox 1032 1420 1072 1480; x_wconf 87' lang='lat' dir='ltr'>ad</span> <span class='ocrx_word' id='word_1_89' title='bbox 1095 1421 1358 1492; x_wconf 79' lang='lat' dir='ltr'>interrogandum</span> <span class='ocrx_word' id='word_1_90' title='bbox 1384 1421 1481 1482; x_wconf 91' lang='lat' dir='ltr'>modo</span> 
     </span>
     <span class='ocr_line' id='line_1_11' title="bbox 306 1533 1482 1608; baseline 0.002 -18"><span class='ocrx_word' id='word_1_91' title='bbox 306 1546 382 1592; x_wconf 91' lang='lat' dir='ltr'>cum</span> <span class='ocrx_word' id='word_1_92' title='bbox 417 1533 520 1607; x_wconf 90' lang='lat' dir='ltr'>ellipsi</span> <span class='ocrx_word' id='word_1_93' title='bbox 555 1535 670 1604; x_wconf 87' lang='grc'>(3311)</span> <span class='ocrx_word' id='word_1_94' title='bbox 702 1535 805 1594; x_wconf 86' lang='grc'>3371)</span> <span class='ocrx_word' id='word_1_95' title='bbox 836 1537 909 1603; x_wconf 91' lang='grc'>313.)</span> <span class='ocrx_word' id='word_1_96' title='bbox 940 1536 1035 1594; x_wconf 91' lang='lat' dir='ltr'>modo</span> <span class='ocrx_word' id='word_1_97' title='bbox 1067 1535 1136 1594; x_wconf 90' lang='lat' dir='ltr'>sine</span> <span class='ocrx_word' id='word_1_98' title='bbox 1168 1535 1273 1608; x_wconf 90' lang='lat' dir='ltr'>ellipsi</span> <span class='ocrx_word' id='word_1_99' title='bbox 1303 1534 1369 1606; x_wconf 78' lang='lat' dir='ltr'>(qui</span> <span class='ocrx_word' id='word_1_100' title='bbox 1399 1549 1482 1593; x_wconf 90' lang='lat' dir='ltr'>usus</span> 
     </span>
     <span class='ocr_line' id='line_1_12' title="bbox 255 1637 1478 1731; baseline 0.002 -29"><span class='ocrx_word' id='word_1_101' title='bbox 255 1637 284 1702; x_wconf 84' lang='lat' dir='ltr'>E</span> <span class='ocrx_word' id='word_1_102' title='bbox 307 1647 504 1721; x_wconf 80' lang='lat' dir='ltr'>frequentior</span> <span class='ocrx_word' id='word_1_103' title='bbox 523 1649 583 1717; x_wconf 88' lang='lat' dir='ltr'>est)</span> <span class='ocrx_word' id='word_1_104' title='bbox 604 1650 809 1722; x_wconf 87' lang='lat' dir='ltr'>usurpantur.</span> <span class='ocrx_word' id='word_1_105' title='bbox 835 1639 854 1731; x_wconf 87' lang='grc' dir='ltr'>Ι)</span> <span class='ocrx_word' id='word_1_106' title='bbox 878 1650 949 1710; x_wconf 86' lang='lat' dir='ltr'>Ast.</span> <span class='ocrx_word' id='word_1_107' title='bbox 975 1649 1086 1710; x_wconf 86' lang='lat' dir='ltr'>Stallb.</span> <span class='ocrx_word' id='word_1_108' title='bbox 1112 1647 1242 1721; x_wconf 84' lang='lat' dir='ltr'>campo.</span> <span class='ocrx_word' id='word_1_109' title='bbox 1264 1648 1362 1706; x_wconf 82' lang='lat' dir='ltr'>leuem</span> <span class='ocrx_word' id='word_1_110' title='bbox 1383 1646 1478 1705; x_wconf 88' lang='lat' dir='ltr'>irrisi·</span> 
     </span>
     <span class='ocr_line' id='line_1_13' title="bbox 308 1755 1482 1843; baseline 0.001 -24"><span class='ocrx_word' id='word_1_111' title='bbox 308 1774 403 1821; x_wconf 85' lang='lat' dir='ltr'>onem</span> <span class='ocrx_word' id='word_1_112' title='bbox 426 1761 458 1819; x_wconf 89' lang='lat' dir='ltr'>in</span> <span class='ocrx_word' id='word_1_113' title='bbox 483 1760 624 1820; x_wconf 74' lang='lat' dir='ltr'>Socratis</span> <span class='ocrx_word' id='word_1_114' title='bbox 648 1761 754 1820; x_wconf 82' lang='lat' dir='ltr'>verbis</span> <span class='ocrx_word' id='word_1_115' title='bbox 777 1759 813 1820; x_wconf 77' lang='grc' dir='ltr'>οὐ</span> <span class='ocrx_word' id='word_1_116' title='bbox 837 1760 942 1843; x_wconf 72' lang='grc' dir='ltr'><em>ῥᾴδιον</em></span> <span class='ocrx_word' id='word_1_117' title='bbox 961 1759 1092 1820; x_wconf 79' lang='grc' dir='ltr'><strong><em>ἀπιστεῖν</em></strong></span> <span class='ocrx_word' id='word_1_118' title='bbox 1114 1764 1147 1822; x_wconf 82' lang='grc'>31</span> <span class='ocrx_word' id='word_1_119' title='bbox 1167 1758 1260 1835; x_wconf 86' lang='grc' dir='ltr'><em>σοφὸς</em></span> <span class='ocrx_word' id='word_1_120' title='bbox 1282 1755 1358 1836; x_wconf 67' lang='grc' dir='ltr'>ἀνὴρ</span> <span class='ocrx_word' id='word_1_121' title='bbox 1378 1759 1482 1820; x_wconf 79' lang='lat' dir='ltr'>latere</span> 
     </span>
     <span class='ocr_line' id='line_1_14' title="bbox 307 1867 1482 1952; baseline 0 -20"><span class='ocrx_word' id='word_1_122' title='bbox 307 1874 454 1933; x_wconf 91' lang='lat' dir='ltr'>arbitrati</span> <span class='ocrx_word' id='word_1_123' title='bbox 474 1875 560 1948; x_wconf 93' lang='lat' dir='ltr'>sunt,</span> <span class='ocrx_word' id='word_1_124' title='bbox 581 1874 682 1934; x_wconf 89' lang='lat' dir='ltr'>immo</span> <span class='ocrx_word' id='word_1_125' title='bbox 702 1874 848 1934; x_wconf 83' lang='lat' dir='ltr'>acerbam</span> <span class='ocrx_word' id='word_1_126' title='bbox 867 1875 974 1948; x_wconf 88' lang='lat' dir='ltr'>potius</span> <span class='ocrx_word' id='word_1_127' title='bbox 994 1876 1091 1949; x_wconf 92' lang='lat' dir='ltr'>dices,</span> <span class='ocrx_word' id='word_1_128' title='bbox 1113 1875 1142 1934; x_wconf 93' lang='grc'>31</span> <span class='ocrx_word' id='word_1_129' title='bbox 1160 1874 1240 1935; x_wconf 92' lang='lat' dir='ltr'>illud</span> <span class='ocrx_word' id='word_1_130' title='bbox 1260 1870 1315 1952; x_wconf 78' lang='grc' dir='ltr'>ἐγὼ</span> <span class='ocrx_word' id='word_1_131' title='bbox 1336 1867 1368 1930; x_wconf 79' lang='grc' dir='ltr'>δὲ</span> <span class='ocrx_word' id='word_1_132' title='bbox 1380 1869 1482 1951; x_wconf 74' lang='grc' dir='ltr'><em>ἀγνοῶ</em></span> 
     </span>
     <span class='ocr_line' id='line_1_15' title="bbox 308 1988 1480 2063; baseline -0.001 -16"><span class='ocrx_word' id='word_1_133' title='bbox 308 1988 388 2047; x_wconf 88' lang='lat' dir='ltr'>bene</span> <span class='ocrx_word' id='word_1_134' title='bbox 422 1988 609 2048; x_wconf 89' lang='lat' dir='ltr'>attenderis.</span> <span class='ocrx_word' id='word_1_135' title='bbox 641 1988 740 2048; x_wconf 85' lang='lat' dir='ltr'>Recte</span> <span class='ocrx_word' id='word_1_136' title='bbox 774 1989 893 2048; x_wconf 90' lang='lat' dir='ltr'>Kornel</span> <span class='ocrx_word' id='word_1_137' title='bbox 924 1989 1055 2049; x_wconf 83' lang='lat' dir='ltr'>Fischer</span> <span class='ocrx_word' id='word_1_138' title='bbox 1085 1989 1224 2063; x_wconf 86' lang='lat' dir='ltr'>(„Ueber</span> <span class='ocrx_word' id='word_1_139' title='bbox 1255 1989 1306 2049; x_wconf 92' lang='lat' dir='ltr'>die</span> <span class='ocrx_word' id='word_1_140' title='bbox 1337 1989 1480 2049; x_wconf 89' lang='lat' dir='ltr'>Dichter·</span> 
     </span>
     <span class='ocr_line' id='line_1_16' title="bbox 308 2093 1481 2176; baseline -0.001 -16"><span class='ocrx_word' id='word_1_141' title='bbox 308 2100 425 2161; x_wconf 88' lang='lat' dir='ltr'>stellen</span> <span class='ocrx_word' id='word_1_142' title='bbox 445 2100 496 2159; x_wconf 88' lang='lat' dir='ltr'>bei</span> <span class='ocrx_word' id='word_1_143' title='bbox 515 2101 638 2176; x_wconf 89' lang='lat' dir='ltr'>Plat0,”</span> <span class='ocrx_word' id='word_1_144' title='bbox 660 2101 776 2174; x_wconf 81' lang='lat' dir='ltr'>oymn.</span> <span class='ocrx_word' id='word_1_145' title='bbox 798 2118 900 2175; x_wconf 84' lang='lat' dir='ltr'>progr.</span> <span class='ocrx_word' id='word_1_146' title='bbox 923 2101 1081 2174; x_wconf 82' lang='lat' dir='ltr'>Lamberg</span> <span class='ocrx_word' id='word_1_147' title='bbox 1102 2103 1197 2172; x_wconf 87' lang='grc'>1877)</span> <span class='ocrx_word' id='word_1_148' title='bbox 1214 2103 1255 2162; x_wconf 90' lang='lat' dir='ltr'>ad</span> <span class='ocrx_word' id='word_1_149' title='bbox 1267 2101 1442 2162; x_wconf 82' lang='lat' dir='ltr'>Simonidis</span> <span class='ocrx_word' id='word_1_150' title='bbox 1457 2093 1481 2170; x_wconf 84' lang='lat'>²)</span> 
     </span>
     <span class='ocr_line' id='line_1_17' title="bbox 308 2210 1483 2290; baseline -0.003 -16"><span class='ocrx_word' id='word_1_151' title='bbox 308 2213 430 2274; x_wconf 90' lang='lat' dir='ltr'>dictum</span> <span class='ocrx_word' id='word_1_152' title='bbox 454 2215 589 2273; x_wconf 88' lang='lat' dir='ltr'>annotat</span> <span class='ocrx_word' id='word_1_153' title='bbox 615 2214 729 2288; x_wconf 88' lang='lat' dir='ltr'>,Diese</span> <span class='ocrx_word' id='word_1_154' title='bbox 752 2214 923 2274; x_wconf 90' lang='lat' dir='ltr'>Definition</span> <span class='ocrx_word' id='word_1_155' title='bbox 947 2211 989 2285; x_wconf 85' lang='grc' dir='ltr'>(τὸ</span> <span class='ocrx_word' id='word_1_156' title='bbox 1012 2211 1047 2272; x_wconf 82' lang='grc' dir='ltr'>τὰ</span> <span class='ocrx_word' id='word_1_157' title='bbox 1070 2210 1247 2290; x_wconf 79' lang='grc' dir='ltr'><strong><em>ὀφειλόμενα</em></strong></span> <span class='ocrx_word' id='word_1_158' title='bbox 1256 2259 1328 2273; x_wconf 94' lang='grc'><strong>.....</strong></span> <span class='ocrx_word' id='word_1_159' title='bbox 1353 2213 1483 2282; x_wconf 76' lang='grc' dir='ltr'>δίκαιον)</span> 
     </span>
     <span class='ocr_line' id='line_1_18' title="bbox 307 2305 1482 2412; baseline -0.002 -24"><span class='ocrx_word' id='word_1_160' title='bbox 307 2328 388 2388; x_wconf 90' lang='lat' dir='ltr'>vvird</span> <span class='ocrx_word' id='word_1_161' title='bbox 406 2341 472 2387; x_wconf 89' lang='lat' dir='ltr'>nun</span> <span class='ocrx_word' id='word_1_162' title='bbox 495 2342 556 2386; x_wconf 90' lang='lat' dir='ltr'>von</span> <span class='ocrx_word' id='word_1_163' title='bbox 576 2327 724 2388; x_wconf 75' lang='lat' dir='ltr'>Socrates</span> <span class='ocrx_word' id='word_1_164' title='bbox 744 2328 805 2387; x_wconf 90' lang='lat' dir='ltr'>mit</span> <span class='ocrx_word' id='word_1_165' title='bbox 825 2305 976 2412; x_wconf 83' lang='lat' dir='ltr'>bitterem</span> <span class='ocrx_word' id='word_1_166' title='bbox 989 2329 1273 2403; x_wconf 83' lang='lat' dir='ltr'>Hohnvviderlegt,</span> <span class='ocrx_word' id='word_1_167' title='bbox 1287 2327 1482 2403; x_wconf 83' lang='lat' dir='ltr'>Simonides,</span> 
     </span>
    </p>

    <p class='ocr_par' dir='ltr' id='par_1_4' title="bbox 162 2441 1485 3424">
     <span class='ocr_line' id='line_1_19' title="bbox 259 2441 1482 2517; baseline 0.006 -23"><span class='ocrx_word' id='word_1_168' title='bbox 259 2488 261 2494; x_wconf 73' lang='grc'>,</span> <span class='ocrx_word' id='word_1_169' title='bbox 308 2442 368 2501; x_wconf 89' lang='lat' dir='ltr'>wie</span> <span class='ocrx_word' id='word_1_170' title='bbox 398 2442 454 2500; x_wconf 91' lang='lat' dir='ltr'>ihn</span> <span class='ocrx_word' id='word_1_171' title='bbox 481 2442 550 2502; x_wconf 91' lang='lat' dir='ltr'>dies</span> <span class='ocrx_word' id='word_1_172' title='bbox 573 2443 773 2514; x_wconf 83' lang='lat' dir='ltr'>gewohnlich</span> <span class='ocrx_word' id='word_1_173' title='bbox 798 2443 848 2502; x_wconf 90' lang='lat' dir='ltr'>bei</span> <span class='ocrx_word' id='word_1_174' title='bbox 873 2443 963 2503; x_wconf 86' lang='lat' dir='ltr'>Plato</span> <span class='ocrx_word' id='word_1_175' title='bbox 987 2443 1079 2517; x_wconf 85' lang='lat' dir='ltr'>trifft,</span> <span class='ocrx_word' id='word_1_176' title='bbox 1104 2443 1165 2502; x_wconf 92' lang='lat' dir='ltr'>mit</span> <span class='ocrx_word' id='word_1_177' title='bbox 1189 2442 1381 2503; x_wconf 88' lang='lat' dir='ltr'>besonderer</span> <span class='ocrx_word' id='word_1_178' title='bbox 1405 2441 1482 2502; x_wconf 92' lang='lat' dir='ltr'>Vor-</span> 
     </span>
     <span class='ocr_line' id='line_1_20' title="bbox 308 2551 1481 2632; baseline 0.001 -19"><span class='ocrx_word' id='word_1_179' title='bbox 308 2554 388 2614; x_wconf 90' lang='lat' dir='ltr'>liebe</span> <span class='ocrx_word' id='word_1_180' title='bbox 421 2555 630 2629; x_wconf 91' lang='lat' dir='ltr'>verspottet.”</span> <span class='ocrx_word' id='word_1_181' title='bbox 663 2555 826 2615; x_wconf 77' lang='lat' dir='ltr'>Vitiosum</span> <span class='ocrx_word' id='word_1_182' title='bbox 855 2551 931 2632; x_wconf 74' lang='grc' dir='ltr'><strong><em>ἀνῂρ</em></strong></span> <span class='ocrx_word' id='word_1_183' title='bbox 963 2556 1042 2626; x_wconf 82' lang='lat' dir='ltr'>(sine</span> <span class='ocrx_word' id='word_1_184' title='bbox 1073 2555 1218 2625; x_wconf 85' lang='lat' dir='ltr'>articulo)</span> <span class='ocrx_word' id='word_1_185' title='bbox 1252 2555 1363 2615; x_wconf 87' lang='lat' dir='ltr'>Herm.</span> <span class='ocrx_word' id='word_1_186' title='bbox 1395 2555 1481 2615; x_wconf 87' lang='lat' dir='ltr'>Bait.</span> 
     </span>
     <span class='ocr_line' id='line_1_21' title="bbox 309 2663 1483 2745; baseline 0 -18"><span class='ocrx_word' id='word_1_187' title='bbox 309 2666 438 2742; x_wconf 79' lang='lat' dir='ltr'>Gampb.</span> <span class='ocrx_word' id='word_1_188' title='bbox 471 2669 530 2728; x_wconf 87' lang='lat' dir='ltr'>soli</span> <span class='ocrx_word' id='word_1_189' title='bbox 563 2672 744 2730; x_wconf 82' lang='lat' dir='ltr'>servarunt.</span> <span class='ocrx_word' id='word_1_190' title='bbox 788 2702 818 2712; x_wconf 90' lang='lat'>-</span> <span class='ocrx_word' id='word_1_191' title='bbox 852 2667 979 2742; x_wconf 80' lang='lat' dir='ltr'>Oorrige</span> <span class='ocrx_word' id='word_1_192' title='bbox 1011 2667 1105 2727; x_wconf 82' lang='grc' dir='ltr'><strong><em>καίτοι</em></strong></span> <span class='ocrx_word' id='word_1_193' title='bbox 1136 2663 1329 2744; x_wconf 78' lang='grc' dir='ltr'><strong><em>ὀφειλόμενόν</em></strong></span> <span class='ocrx_word' id='word_1_194' title='bbox 1360 2663 1393 2745; x_wconf 78' lang='grc' dir='ltr'>γε’</span> <span class='ocrx_word' id='word_1_195' title='bbox 1419 2688 1483 2727; x_wconf 82' lang='grc' dir='ltr'>που</span> 
     </span>
     <span class='ocr_line' id='line_1_22' title="bbox 307 2781 1482 2856; baseline 0.002 -18"><span class='ocrx_word' id='word_1_196' title='bbox 307 2784 364 2840; x_wconf 78' lang='grc' dir='ltr'>κτλ,</span> <span class='ocrx_word' id='word_1_197' title='bbox 385 2781 561 2854; x_wconf 86' lang='lat' dir='ltr'>Postquam</span> <span class='ocrx_word' id='word_1_198' title='bbox 582 2783 637 2838; x_wconf 83' lang='grc' dir='ltr'>ΓΕ</span> <span class='ocrx_word' id='word_1_199' title='bbox 656 2784 731 2841; x_wconf 88' lang='lat' dir='ltr'>ante</span> <span class='ocrx_word' id='word_1_200' title='bbox 754 2783 831 2841; x_wconf 87' lang='grc' dir='ltr'>ΠΟυ</span> <span class='ocrx_word' id='word_1_201' title='bbox 852 2783 1025 2856; x_wconf 87' lang='lat' dir='ltr'>exciderat,</span> <span class='ocrx_word' id='word_1_202' title='bbox 1047 2782 1151 2842; x_wconf 89' lang='lat' dir='ltr'>alieno</span> <span class='ocrx_word' id='word_1_203' title='bbox 1163 2782 1232 2843; x_wconf 91' lang='lat' dir='ltr'>loco</span> <span class='ocrx_word' id='word_1_204' title='bbox 1245 2783 1405 2842; x_wconf 89' lang='lat' dir='ltr'>insertum</span> <span class='ocrx_word' id='word_1_205' title='bbox 1418 2783 1482 2842; x_wconf 90' lang='lat' dir='ltr'>est.</span> 
     </span>
     <span class='ocr_line' id='line_1_23' title="bbox 162 2886 1485 2969; baseline 0.004 -20"><span class='ocrx_word' id='word_1_206' title='bbox 162 2892 225 2950; x_wconf 74' lang='lat'>332</span> <span class='ocrx_word' id='word_1_207' title='bbox 254 2886 285 2953; x_wconf 75' lang='grc' dir='ltr'><strong>Α</strong></span> <span class='ocrx_word' id='word_1_208' title='bbox 354 2893 533 2966; x_wconf 84' lang='lat' dir='ltr'>Madvigius</span> <span class='ocrx_word' id='word_1_209' title='bbox 566 2910 622 2968; x_wconf 90' lang='lat' dir='ltr'>pro</span> <span class='ocrx_word' id='word_1_210' title='bbox 657 2888 793 2952; x_wconf 67' lang='grc' dir='ltr'><strong><em>ἀπαιτοῖ</em></strong></span> <span class='ocrx_word' id='word_1_211' title='bbox 809 2895 943 2967; x_wconf 86' lang='lat' dir='ltr'>requirit</span> <span class='ocrx_word' id='word_1_212' title='bbox 973 2892 1097 2969; x_wconf 83' lang='grc' dir='ltr'>ἀταιτεῐ,</span> <span class='ocrx_word' id='word_1_213' title='bbox 1117 2887 1140 2964; x_wconf 84' lang='grc'>3)</span> <span class='ocrx_word' id='word_1_214' title='bbox 1172 2910 1270 2968; x_wconf 88' lang='lat' dir='ltr'>quam</span> <span class='ocrx_word' id='word_1_215' title='bbox 1302 2897 1372 2968; x_wconf 58' lang='lat' dir='ltr'>cim,</span> <span class='ocrx_word' id='word_1_216' title='bbox 1403 2895 1485 2954; x_wconf 89' lang='lat' dir='ltr'>licet</span> 
     </span>
     <span class='ocr_line' id='line_1_24' title="bbox 308 3007 1485 3082; baseline 0.002 -17"><span class='ocrx_word' id='word_1_217' title='bbox 308 3021 422 3066; x_wconf 88' lang='lat' dir='ltr'>omnes</span> <span class='ocrx_word' id='word_1_218' title='bbox 443 3007 533 3067; x_wconf 90' lang='lat' dir='ltr'>editt.</span> <span class='ocrx_word' id='word_1_219' title='bbox 554 3008 743 3082; x_wconf 86' lang='lat' dir='ltr'>spreverint,</span> <span class='ocrx_word' id='word_1_220' title='bbox 764 3008 932 3068; x_wconf 87' lang='lat' dir='ltr'>defendere</span> <span class='ocrx_word' id='word_1_221' title='bbox 952 3023 1015 3068; x_wconf 92' lang='lat' dir='ltr'>non</span> <span class='ocrx_word' id='word_1_222' title='bbox 1035 3009 1154 3069; x_wconf 89' lang='lat' dir='ltr'>dubito.</span> <span class='ocrx_word' id='word_1_223' title='bbox 1172 3010 1318 3069; x_wconf 90' lang='lat' dir='ltr'>Primum</span> <span class='ocrx_word' id='word_1_224' title='bbox 1332 3009 1485 3069; x_wconf 86' lang='lat' dir='ltr'>Socrates</span> 
     </span>
     <span class='ocr_line' id='line_1_25' title="bbox 308 3117 1483 3198; baseline 0.002 -19"><span class='ocrx_word' id='word_1_225' title='bbox 308 3120 452 3181; x_wconf 88' lang='lat' dir='ltr'>oratione</span> <span class='ocrx_word' id='word_1_226' title='bbox 475 3123 564 3182; x_wconf 86' lang='lat' dir='ltr'>recta</span> <span class='ocrx_word' id='word_1_227' title='bbox 586 3121 699 3196; x_wconf 88' lang='lat' dir='ltr'>utitur,</span> <span class='ocrx_word' id='word_1_228' title='bbox 723 3122 836 3181; x_wconf 91' lang='lat' dir='ltr'>deinde</span> <span class='ocrx_word' id='word_1_229' title='bbox 864 3117 950 3181; x_wconf 80' lang='grc' dir='ltr'><strong><em>ὁπότε</em></strong></span> <span class='ocrx_word' id='word_1_230' title='bbox 974 3139 1049 3183; x_wconf 89' lang='lat' dir='ltr'>curn</span> <span class='ocrx_word' id='word_1_231' title='bbox 1073 3125 1216 3198; x_wconf 85' lang='lat' dir='ltr'>optativo</span> <span class='ocrx_word' id='word_1_232' title='bbox 1240 3125 1317 3195; x_wconf 89' lang='grc'>(1.3.</span> <span class='ocrx_word' id='word_1_233' title='bbox 1342 3122 1483 3196; x_wconf 89' lang='lat' dir='ltr'>quoties·</span> 
     </span>
     <span class='ocr_line' id='line_1_26' title="bbox 309 3235 1483 3310; baseline 0.002 -17"><span class='ocrx_word' id='word_1_234' title='bbox 309 3237 444 3307; x_wconf 84' lang='lat' dir='ltr'>cunque)</span> <span class='ocrx_word' id='word_1_235' title='bbox 476 3235 569 3294; x_wconf 90' lang='lat' dir='ltr'>modo</span> <span class='ocrx_word' id='word_1_236' title='bbox 599 3236 672 3294; x_wconf 92' lang='lat' dir='ltr'>tum</span> <span class='ocrx_word' id='word_1_237' title='bbox 703 3235 851 3308; x_wconf 88' lang='lat' dir='ltr'>usurpari</span> <span class='ocrx_word' id='word_1_238' title='bbox 882 3237 999 3309; x_wconf 89' lang='lat' dir='ltr'>potest,</span> <span class='ocrx_word' id='word_1_239' title='bbox 1024 3251 1125 3308; x_wconf 88' lang='lat' dir='ltr'>quum</span> <span class='ocrx_word' id='word_1_240' title='bbox 1148 3237 1181 3296; x_wconf 93' lang='lat' dir='ltr'>in</span> <span class='ocrx_word' id='word_1_241' title='bbox 1205 3237 1336 3310; x_wconf 83' lang='lat' dir='ltr'>spodosi</span> <span class='ocrx_word' id='word_1_242' title='bbox 1359 3235 1483 3310; x_wconf 88' lang='lat' dir='ltr'>praedi-</span> 
     </span>
     <span class='ocr_line' id='line_1_27' title="bbox 310 3347 1484 3424; baseline 0.003 -18"><span class='ocrx_word' id='word_1_243' title='bbox 310 3348 419 3407; x_wconf 87' lang='lat' dir='ltr'>catum</span> <span class='ocrx_word' id='word_1_244' title='bbox 439 3348 470 3408; x_wconf 92' lang='grc'>13</span> <span class='ocrx_word' id='word_1_245' title='bbox 491 3348 674 3423; x_wconf 88' lang='lat' dir='ltr'>praeterito,</span> <span class='ocrx_word' id='word_1_246' title='bbox 696 3351 732 3408; x_wconf 88' lang='lat' dir='ltr'>ut</span> <span class='ocrx_word' id='word_1_247' title='bbox 752 3349 871 3423; x_wconf 89' lang='lat' dir='ltr'>dicunt,</span> <span class='ocrx_word' id='word_1_248' title='bbox 893 3350 1035 3423; x_wconf 89' lang='lat' dir='ltr'>positum</span> <span class='ocrx_word' id='word_1_249' title='bbox 1056 3353 1122 3424; x_wconf 87' lang='lat' dir='ltr'>est;</span> <span class='ocrx_word' id='word_1_250' title='bbox 1144 3351 1195 3410; x_wconf 91' lang='lat' dir='ltr'>hic</span> <span class='ocrx_word' id='word_1_251' title='bbox 1211 3364 1285 3410; x_wconf 88' lang='lat' dir='ltr'>vero</span> <span class='ocrx_word' id='word_1_252' title='bbox 1298 3347 1484 3409; x_wconf 77' lang='grc'>1331331113</span> 
     </span>
    </p>

    <p class='ocr_par' dir='ltr' id='par_1_5' title="bbox 250 3454 1488 4218">
     <span class='ocr_line' id='line_1_28' title="bbox 250 3454 1486 3545; baseline 0 -25"><span class='ocrx_word' id='word_1_253' title='bbox 250 3455 280 3520; x_wconf 93' lang='lat' dir='ltr'><strong>B</strong></span> <span class='ocrx_word' id='word_1_254' title='bbox 303 3461 518 3537; x_wconf 86' lang='lat' dir='ltr'>supplendum</span> <span class='ocrx_word' id='word_1_255' title='bbox 549 3466 609 3522; x_wconf 87' lang='lat' dir='ltr'>est.</span> <span class='ocrx_word' id='word_1_256' title='bbox 639 3454 658 3545; x_wconf 91' lang='grc' dir='ltr'>Ι)</span> <span class='ocrx_word' id='word_1_257' title='bbox 684 3461 810 3536; x_wconf 88' lang='lat' dir='ltr'>Optime</span> <span class='ocrx_word' id='word_1_258' title='bbox 838 3463 909 3522; x_wconf 90' lang='lat' dir='ltr'>Ast.</span> <span class='ocrx_word' id='word_1_259' title='bbox 934 3462 1014 3522; x_wconf 89' lang='lat' dir='ltr'><strong>Bkk.</strong></span> <span class='ocrx_word' id='word_1_260' title='bbox 1040 3462 1187 3523; x_wconf 88' lang='lat' dir='ltr'>Schneid.</span> <span class='ocrx_word' id='word_1_261' title='bbox 1213 3463 1249 3522; x_wconf 92' lang='lat' dir='ltr'>V.</span> <span class='ocrx_word' id='word_1_262' title='bbox 1275 3464 1309 3523; x_wconf 90' lang='lat' dir='ltr'>L.</span> <span class='ocrx_word' id='word_1_263' title='bbox 1335 3458 1486 3538; x_wconf 74' lang='grc' dir='ltr'><strong><em>ὀφείλεται</em></strong></span> 
     </span>
     <span class='ocr_line' id='line_1_29' title="bbox 307 3569 1487 3655; baseline 0.001 -21"><span class='ocrx_word' id='word_1_264' title='bbox 307 3573 339 3636; x_wconf 79' lang='grc' dir='ltr'>δέ</span> <span class='ocrx_word' id='word_1_265' title='bbox 362 3579 427 3655; x_wconf 58' lang='lat' dir='ltr'>[yet</span> <span class='ocrx_word' id='word_1_266' title='bbox 453 3569 534 3652; x_wconf 81' lang='grc' dir='ltr'><em>οἶμαι</em></span> <span class='ocrx_word' id='word_1_267' title='bbox 557 3578 755 3651; x_wconf 89' lang='lat' dir='ltr'>receperunt,</span> <span class='ocrx_word' id='word_1_268' title='bbox 780 3577 855 3649; x_wconf 90' lang='lat' dir='ltr'>quia</span> <span class='ocrx_word' id='word_1_269' title='bbox 879 3572 921 3652; x_wconf 83' lang='grc' dir='ltr'>δέ,</span> <span class='ocrx_word' id='word_1_270' title='bbox 945 3591 1008 3635; x_wconf 91' lang='lat' dir='ltr'>nou</span> <span class='ocrx_word' id='word_1_271' title='bbox 1033 3571 1065 3633; x_wconf 79' lang='grc' dir='ltr'>δέ</span> <span class='ocrx_word' id='word_1_272' title='bbox 1084 3596 1116 3654; x_wconf 77' lang='grc' dir='ltr'>γε</span> <span class='ocrx_word' id='word_1_273' title='bbox 1137 3577 1326 3650; x_wconf 84' lang='lat' dir='ltr'>explicando</span> <span class='ocrx_word' id='word_1_274' title='bbox 1345 3575 1487 3635; x_wconf 89' lang='lat' dir='ltr'>inservit</span> 
     </span>
     <span class='ocr_line' id='line_1_30' title="bbox 306 3685 1487 3763; baseline 0.001 -15"><span class='ocrx_word' id='word_1_275' title='bbox 306 3705 366 3750; x_wconf 91' lang='lat' dir='ltr'>nec</span> <span class='ocrx_word' id='word_1_276' title='bbox 395 3705 528 3750; x_wconf 90' lang='lat' dir='ltr'>necesse</span> <span class='ocrx_word' id='word_1_277' title='bbox 559 3691 610 3749; x_wconf 89' lang='lat' dir='ltr'>est</span> <span class='ocrx_word' id='word_1_278' title='bbox 640 3690 778 3749; x_wconf 91' lang='lat' dir='ltr'>utillud</span> <span class='ocrx_word' id='word_1_279' title='bbox 802 3685 947 3763; x_wconf 75' lang='grc' dir='ltr'><strong><em>ὀφείλεται</em></strong></span> <span class='ocrx_word' id='word_1_280' title='bbox 972 3689 1038 3749; x_wconf 84' lang='lat' dir='ltr'>iarn</span> <span class='ocrx_word' id='word_1_281' title='bbox 1063 3704 1159 3763; x_wconf 89' lang='lat' dir='ltr'>saepe</span> <span class='ocrx_word' id='word_1_282' title='bbox 1181 3690 1337 3750; x_wconf 89' lang='lat' dir='ltr'>iteratum</span> <span class='ocrx_word' id='word_1_283' title='bbox 1361 3703 1487 3762; x_wconf 83' lang='lat' dir='ltr'>magna</span> 
     </span>
     <span class='ocr_line' id='line_1_31' title="bbox 308 3799 1487 3880; baseline -0.001 -18"><span class='ocrx_word' id='word_1_284' title='bbox 308 3818 383 3863; x_wconf 91' lang='lat' dir='ltr'>cum</span> <span class='ocrx_word' id='word_1_285' title='bbox 415 3804 447 3862; x_wconf 90' lang='lat' dir='ltr'>vi</span> <span class='ocrx_word' id='word_1_286' title='bbox 478 3804 650 3876; x_wconf 85' lang='lat' dir='ltr'>efferatur;·</span> <span class='ocrx_word' id='word_1_287' title='bbox 678 3803 717 3862; x_wconf 88' lang='lat' dir='ltr'>cs.</span> <span class='ocrx_word' id='word_1_288' title='bbox 743 3817 793 3862; x_wconf 84' lang='lat' dir='ltr'>ex.</span> <span class='ocrx_word' id='word_1_289' title='bbox 817 3817 862 3874; x_wconf 84' lang='lat' dir='ltr'>gr.</span> <span class='ocrx_word' id='word_1_290' title='bbox 889 3802 992 3862; x_wconf 83' lang='grc'>3371)</span> <span class='ocrx_word' id='word_1_291' title='bbox 1016 3799 1087 3879; x_wconf 78' lang='grc' dir='ltr'><strong><em>ὅπερ</em></strong></span> <span class='ocrx_word' id='word_1_292' title='bbox 1110 3801 1259 3880; x_wconf 80' lang='grc' dir='ltr'>προσήκει.</span> <span class='ocrx_word' id='word_1_293' title='bbox 1283 3801 1424 3880; x_wconf 75' lang='grc' dir='ltr'><strong><em>προσήκει</em></strong></span> <span class='ocrx_word' id='word_1_294' title='bbox 1447 3799 1487 3861; x_wconf 82' lang='grc' dir='ltr'>δέ</span> 
     </span>
     <span class='ocr_line' id='line_1_32' title="bbox 259 3908 1488 4002; baseline -0.002 -24"><span class='ocrx_word' id='word_1_295' title='bbox 259 3911 365 3978; x_wconf 77' lang='grc' dir='ltr'><strong><em>Οττου</em></strong></span> <span class='ocrx_word' id='word_1_296' title='bbox 388 3919 446 3974; x_wconf 80' lang='grc' dir='ltr'>κτλ.</span> <span class='ocrx_word' id='word_1_297' title='bbox 470 3908 489 3996; x_wconf 93' lang='grc'>))</span> <span class='ocrx_word' id='word_1_298' title='bbox 513 3914 688 3987; x_wconf 82' lang='lat' dir='ltr'>vulgatam</span> <span class='ocrx_word' id='word_1_299' title='bbox 712 3911 783 3972; x_wconf 77' lang='grc' dir='ltr'><em>ἀλλὰ</em></span> <span class='ocrx_word' id='word_1_300' title='bbox 807 3913 835 3972; x_wconf 87' lang='grc' dir='ltr'>τί</span> <span class='ocrx_word' id='word_1_301' title='bbox 857 3913 927 3986; x_wconf 84' lang='grc' dir='ltr'><em>οἴει;</em></span> <span class='ocrx_word' id='word_1_302' title='bbox 951 3912 1008 3991; x_wconf 81' lang='grc' dir='ltr'>ἔφη</span> <span class='ocrx_word' id='word_1_303' title='bbox 1033 3917 1119 3976; x_wconf 87' lang='grc'>13313</span> <span class='ocrx_word' id='word_1_304' title='bbox 1143 3915 1346 4002; x_wconf 88' lang='lat' dir='ltr'>retinuerunt</span> <span class='ocrx_word' id='word_1_305' title='bbox 1366 3915 1488 3986; x_wconf 86' lang='lat' dir='ltr'>(sensit</span> 
     </span>
     <span class='ocr_line' id='line_1_33' title="bbox 308 4028 1485 4102; baseline -0.001 -12"><span class='ocrx_word' id='word_1_306' title='bbox 308 4031 395 4091; x_wconf 88' lang='lat' dir='ltr'>enim</span> <span class='ocrx_word' id='word_1_307' title='bbox 427 4029 548 4088; x_wconf 89' lang='lat' dir='ltr'>Polem.</span> <span class='ocrx_word' id='word_1_308' title='bbox 582 4028 748 4088; x_wconf 87' lang='lat' dir='ltr'>Socratem</span> <span class='ocrx_word' id='word_1_309' title='bbox 771 4029 938 4102; x_wconf 86' lang='lat' dir='ltr'>paululum</span> <span class='ocrx_word' id='word_1_310' title='bbox 962 4029 1081 4088; x_wconf 88' lang='lat' dir='ltr'>ironice</span> <span class='ocrx_word' id='word_1_311' title='bbox 1104 4028 1249 4089; x_wconf 87' lang='lat' dir='ltr'>locutum</span> <span class='ocrx_word' id='word_1_312' title='bbox 1273 4033 1356 4100; x_wconf 85' lang='lat' dir='ltr'>esse)</span> <span class='ocrx_word' id='word_1_313' title='bbox 1380 4028 1485 4090; x_wconf 87' lang='lat' dir='ltr'>Bekk.</span> 
     </span>
     <span class='ocr_line' id='line_1_34' title="bbox 309 4141 1486 4218; baseline -0.001 -14"><span class='ocrx_word' id='word_1_314' title='bbox 309 4144 454 4204; x_wconf 84' lang='lat' dir='ltr'>Schneid.</span> <span class='ocrx_word' id='word_1_315' title='bbox 486 4142 597 4202; x_wconf 91' lang='lat' dir='ltr'>Herm.</span> <span class='ocrx_word' id='word_1_316' title='bbox 631 4141 761 4216; x_wconf 83' lang='lat' dir='ltr'>campo.</span> <span class='ocrx_word' id='word_1_317' title='bbox 793 4142 919 4215; x_wconf 80' lang='lat' dir='ltr'>(quide</span> <span class='ocrx_word' id='word_1_318' title='bbox 950 4142 1057 4202; x_wconf 90' lang='lat' dir='ltr'>codice</span> <span class='ocrx_word' id='word_1_319' title='bbox 1088 4143 1159 4202; x_wconf 90' lang='lat' dir='ltr'>Par.</span> <span class='ocrx_word' id='word_1_320' title='bbox 1183 4142 1211 4201; x_wconf 87' lang='lat' dir='ltr'><strong>A</strong></span> <span class='ocrx_word' id='word_1_321' title='bbox 1234 4144 1346 4202; x_wconf 90' lang='lat' dir='ltr'>monet</span> <span class='ocrx_word' id='word_1_322' title='bbox 1372 4143 1427 4218; x_wconf 91' lang='lat' dir='ltr'>,In</span> <span class='ocrx_word' id='word_1_323' title='bbox 1450 4143 1486 4203; x_wconf 88' lang='lat' dir='ltr'>A</span> 
     </span>
    </p>
   </div>
   <div class='ocr_carea' id='block_1_3' title="bbox 307 4253 1489 4332">
    <p class='ocr_par' dir='ltr' id='par_1_6' title="bbox 307 4253 1489 4332">
     <span class='ocr_line' id='line_1_35' title="bbox 307 4253 1489 4332; baseline 0 -15"><span class='ocrx_word' id='word_1_324' title='bbox 307 4258 362 4318; x_wconf 85' lang='lat' dir='ltr'>tho</span> <span class='ocrx_word' id='word_1_325' title='bbox 394 4272 528 4332; x_wconf 89' lang='lat' dir='ltr'>persons</span> <span class='ocrx_word' id='word_1_326' title='bbox 559 4269 643 4317; x_wconf 85' lang='lat' dir='ltr'>were</span> <span class='ocrx_word' id='word_1_327' title='bbox 665 4258 701 4317; x_wconf 90' lang='grc'>31</span> <span class='ocrx_word' id='word_1_328' title='bbox 723 4254 794 4315; x_wconf 89' lang='lat' dir='ltr'>first</span> <span class='ocrx_word' id='word_1_329' title='bbox 825 4255 952 4316; x_wconf 91' lang='lat' dir='ltr'>divided</span> <span class='ocrx_word' id='word_1_330' title='bbox 983 4255 1079 4316; x_wconf 89' lang='lat' dir='ltr'>with:</span> <span class='ocrx_word' id='word_1_331' title='bbox 1111 4256 1194 4316; x_wconf 86' lang='lat' dir='ltr'>after</span> <span class='ocrx_word' id='word_1_332' title='bbox 1221 4253 1489 4332; x_wconf 67' lang='grc'>1331313333</span> 
     </span>
    </p>
   </div>
   <div class='ocr_carea' id='block_1_4' title="bbox 341 4445 1313 4690">
    <p class='ocr_par' dir='ltr' id='par_1_7' title="bbox 341 4445 1313 4690">
     <span class='ocr_line' id='line_1_36' title="bbox 343 4445 1313 4532; baseline -0.006 -17"><span class='ocrx_word' id='word_1_333' title='bbox 343 4463 362 4532; x_wconf 87' lang='lat'>¹)</span> <span class='ocrx_word' id='word_1_334' title='bbox 381 4469 536 4516; x_wconf 69' lang='lat' dir='ltr'>scholiastes</span> <span class='ocrx_word' id='word_1_335' title='bbox 554 4468 586 4514; x_wconf 83' lang='lat' dir='ltr'>ad</span> <span class='ocrx_word' id='word_1_336' title='bbox 604 4469 652 4516; x_wconf 77' lang='lat'>467</span> <span class='ocrx_word' id='word_1_337' title='bbox 671 4469 690 4516; x_wconf 81' lang='grc' dir='ltr'>Ο</span> <span class='ocrx_word' id='word_1_338' title='bbox 708 4445 802 4528; x_wconf 80' lang='grc' dir='ltr'><strong><em>οὐκοῦν]</em></strong></span> <span class='ocrx_word' id='word_1_339' title='bbox 820 4469 870 4514; x_wconf 73' lang='grc' dir='ltr'>ἀντὶ</span> <span class='ocrx_word' id='word_1_340' title='bbox 889 4473 931 4514; x_wconf 72' lang='grc' dir='ltr'>τοῦ</span> <span class='ocrx_word' id='word_1_341' title='bbox 949 4469 994 4527; x_wconf 79' lang='grc' dir='ltr'>οὐχ</span> <span class='ocrx_word' id='word_1_342' title='bbox 1013 4467 1090 4521; x_wconf 70' lang='grc' dir='ltr'>οὕτως,</span> <span class='ocrx_word' id='word_1_343' title='bbox 1108 4467 1165 4513; x_wconf 72' lang='grc' dir='ltr'>καθ’</span> <span class='ocrx_word' id='word_1_344' title='bbox 1186 4467 1313 4528; x_wconf 75' lang='grc' dir='ltr'>ὑπόκρισιν.</span> 
     </span>
     <span class='ocr_line' id='line_1_37' title="bbox 342 4543 747 4612; baseline 0.002 -19"><span class='ocrx_word' id='word_1_345' title='bbox 342 4543 362 4612; x_wconf 77' lang='lat'>²)</span> <span class='ocrx_word' id='word_1_346' title='bbox 381 4547 474 4605; x_wconf 85' lang='lat' dir='ltr'>Bergk.</span> <span class='ocrx_word' id='word_1_347' title='bbox 491 4547 519 4593; x_wconf 95' lang='lat' dir='ltr'>II</span> <span class='ocrx_word' id='word_1_348' title='bbox 535 4561 560 4607; x_wconf 91' lang='lat' dir='ltr'>p.</span> <span class='ocrx_word' id='word_1_349' title='bbox 580 4549 628 4594; x_wconf 83' lang='grc'>930</span> <span class='ocrx_word' id='word_1_350' title='bbox 645 4543 674 4593; x_wconf 80' lang='grc' dir='ltr'>3ο</span> <span class='ocrx_word' id='word_1_351' title='bbox 693 4548 747 4594; x_wconf 89' lang='grc'>191.</span> 
     </span>
     <span class='ocr_line' id='line_1_38' title="bbox 341 4620 1295 4690; baseline -0.005 -17"><span class='ocrx_word' id='word_1_352' title='bbox 341 4622 360 4687; x_wconf 83' lang='lat'>³)</span> <span class='ocrx_word' id='word_1_353' title='bbox 377 4627 411 4673; x_wconf 79' lang='lat' dir='ltr'>Et</span> <span class='ocrx_word' id='word_1_354' title='bbox 428 4626 505 4674; x_wconf 78' lang='lat'>3450</span> <span class='ocrx_word' id='word_1_355' title='bbox 524 4628 594 4672; x_wconf 75' lang='grc' dir='ltr'>ὀπόπ</span> <span class='ocrx_word' id='word_1_356' title='bbox 613 4639 634 4672; x_wconf 88' lang='lat' dir='ltr'>c.</span> <span class='ocrx_word' id='word_1_357' title='bbox 652 4626 790 4673; x_wconf 77' lang='lat' dir='ltr'>indicativo</span> <span class='ocrx_word' id='word_1_358' title='bbox 809 4625 938 4686; x_wconf 60' lang='lat' dir='ltr'>(dudam...</span> <span class='ocrx_word' id='word_1_359' title='bbox 957 4620 1026 4690; x_wconf 76' lang='grc' dir='ltr'>οἶδα.)</span> <span class='ocrx_word' id='word_1_360' title='bbox 1045 4628 1071 4672; x_wconf 84' lang='grc'>31</span> <span class='ocrx_word' id='word_1_361' title='bbox 1088 4624 1188 4673; x_wconf 84' lang='lat' dir='ltr'>Potitio.</span> <span class='ocrx_word' id='word_1_362' title='bbox 1207 4625 1254 4671; x_wconf 79' lang='lat'>801</span> <span class='ocrx_word' id='word_1_363' title='bbox 1266 4624 1295 4669; x_wconf 90' lang='lat' dir='ltr'>D.</span> 
     </span>
    </p>
   </div>
   <div class='ocr_carea' id='block_1_5' title="bbox 0 0 1656 5092">
    <p class='ocr_par' dir='ltr' id='par_1_8' title="bbox 0 0 1656 5092">
     <span class='ocr_line' id='line_1_39' title="bbox 0 0 1656 5092; baseline 0 0"><span class='ocrx_word' id='word_1_364' title='bbox 0 0 1656 5092; x_wconf 95' lang='lat' dir='ltr'> </span> 
     </span>
    </p>
   </div>
  </div>
 </body>
</html>
