3260 5098
846 267 908 326 134

283 454 452 530 Galerium,
484 455 614 528 optime.
648 455 748 514 Paulo
780 457 856 514 ante
886 454 1031 527 praestat
1062 449 1123 529 μὴν
1146 467 1203 526 pro
1227 447 1279 529 μὲν
1304 453 1467 525 corrigere

282 583 308 628 c.
340 568 515 628 Richardao
547 568 660 638 (Oiass.
693 567 772 628 Rev.
807 567 913 642 1893),
945 567 1000 639 qui
1030 586 1059 624 τε
1082 566 1116 625 in
1139 587 1171 644 νε
1194 567 1281 626 recte
1305 566 1464 626 mutavit.

282 682 357 742 Mox
374 683 461 748 idem
485 682 528 742 l.l.
554 679 692 759 ἀπεδόθη
715 697 771 757 pro
796 678 890 757 ἐδόθη
910 680 1054 756 requirit,
1073 682 1160 741 recte
1179 681 1300 755 opinor,
1321 694 1400 740 nam
1428 693 1468 738 ea

283 808 365 866 quae
388 795 553 870 debentur,
578 791 780 854 ἀποδίδοσθαι
803 794 962 856 dicuntur.
983 795 1021 854 In
1041 795 1105 855 457
1126 795 1155 854 A
1177 794 1335 855 Stobaeus
1348 790 1467 852 ἀποδο-

282 902 348 966 τέον
371 921 427 981 pro
452 903 553 966 δοτέον
575 909 663 968 recte
687 907 841 967 servavit.
868 940 910 947 —
934 906 1016 967 Puto
1035 903 1116 984 παρά
1135 904 1167 966 τδ
1188 903 1260 977 ἔθος
1282 904 1467 980 significare

286 1021 454 1095 ,respectu
474 1020 748 1095 consuetudinis'’,
769 1035 833 1079 κοκ
856 1021 986 1094 „contra
1006 1021 1298 1080 consuetudinem”
1318 1021 1354 1078 ut
1368 1019 1467 1092 vulgo

286 1135 428 1195 vertunt.
459 1134 530 1191 vam
554 1135 579 1193 L
601 1133 778 1213 πεπράξεται
800 1135 888 1207 prob.
912 1133 992 1194 Bkk.
1018 1135 1080 1193 Ast
1103 1133 1242 1194 Oobetus
1267 1135 1354 1200 (nota
1377 1136 1465 1209 ms),

232 1243 320 1306 Bat
353 1247 386 1305 in
421 1247 485 1308 458
521 1248 547 1306 D
578 1249 716 1308 occurrit
739 1243 867 1318 ἀξονται.
901 1239 919 1329 ΙΙ
951 1247 1051 1307 Recte
1075 1247 1239 1308 Herwerd.
1266 1247 1339 1317 (Mn.
1368 1247 1465 1328 1883)

284 1361 485 1434 transposuit
506 1358 556 1418 καλ
579 1358 629 1432 τὰς
653 1357 711 1438 ἤδη
732 1357 941 1439 πρεσβυτέρας,
960 1361 1036 1420 licet
1053 1361 1285 1434 improbaverit
1299 1360 1466 1434 dampbell

285 1471 365 1542 (Vol.
389 1473 421 1532 Π
439 1489 468 1547 p.
491 1475 554 1533 252
576 1477 656 1546 sqq.)
678 1474 749 1534 coll.
771 1473 872 1533 earu
892 1467 957 1532 ἀλλ’
982 1470 1041 1550 ἤδη
1061 1476 1110 1531 κτλ
1131 1474 1197 1543 (ubi
1217 1473 1254 1534 V.
1275 1474 1310 1534 L.
1332 1469 1406 1532 ἀλλὰ
1427 1469 1465 1549 δὴ

285 1587 324 1646 ab
347 1586 440 1647 Asiio
464 1589 551 1648 recte
575 1589 723 1663 recepta),
746 1589 808 1648 391
831 1589 856 1647 D
877 1585 1019 1665 ὥρμησαν
1041 1586 1134 1658 οὕτως
1148 1584 1195 1645 ἐπὶ
1208 1585 1307 1658 δεινὰς
1320 1583 1467 1665 ἁρπαγάς,

286 1700 350 1758 590
384 1700 413 1758 Α
447 1698 523 1759 πολὺ
555 1696 603 1758 ἐπὶ
634 1697 787 1783 δεινοτέρῳ
811 1695 936 1783 ὀλέθρῳ,
958 1700 1125 1760 Demosth.
1152 1699 1263 1760 Coron.
1289 1697 1309 1774 ξ
1335 1699 1399 1759 288
1426 1696 1465 1770 ὡς

284 1807 350 1891 παρ’
375 1811 550 1897 οἰκειοτάτῳ.
571 1814 666 1887 Fugit
685 1815 796 1874 autem
822 1813 1049 1874 doctissimum
1069 1814 1226 1873 editorem
1239 1813 1464 1873 Britannicum

283 1927 435 1986 adverbia
458 1926 505 1986 sic
524 1927 660 1986 distrahi
679 1927 774 1987 solita
786 1927 887 1986 fuisse
900 1943 940 1987 ne
953 1926 1209 2001 praepositiones
1221 1927 1296 1986 ante
1309 1927 1465 1987 adverbia

283 2037 524 2114 collocarentur,
557 2039 596 2099 cf.
625 2039 742 2100 Herod.
766 2040 799 2098 II
823 2041 863 2100 27
888 2038 980 2117 κάρτα
1004 2036 1064 2098 ἀπὸ
1083 2043 1205 2118 θερμῶν
1228 2023 1355 2117 χοιρέυιν.
1382 2039 1464 2100 (lum

284 2166 359 2212 vero
391 2152 443 2210 hic
473 2151 562 2211 nulla
590 2153 783 2226 praepositio
807 2153 902 2228 adsit,
927 2152 993 2212 tale
1016 2153 1217 2227 hyperbaton
1242 2152 1319 2213 ferri
1341 2154 1464 2226 nequit.

284 2265 389 2324 Mendi
420 2266 507 2338 origo
538 2281 577 2324 ex
610 2266 739 2325 Eusebii
768 2266 905 2326 lectione
929 2259 1000 2336 (ἀλλ’
1029 2263 1087 2342 ἤδη
1111 2263 1161 2325 τιυὶ
1181 2263 1390 2345 πρεσβυτέρας)
1417 2282 1463 2327 co-

283 2379 465 2452 gnoscitur:
497 2379 684 2439 exciderant
715 2380 802 2440 enim
830 2381 958 2454 propter
981 2379 1264 2442 homoeoteleuton
1289 2380 1388 2440 verba
1412 2376 1463 2450 τδις

283 2489 353 2568 ἤδη,
385 2493 499 2553 deinde
533 2489 592 2570 ἤδη
625 2508 721 2566 super
751 2490 801 2552 καλ
832 2494 990 2568 scriptum
1022 2494 1082 2553 est.
1116 2527 1155 2537 —
1190 2494 1265 2553 Mox
1297 2493 1462 2556 Herwerd.

283 2605 357 2675 (Mn.
391 2606 486 2676 1891)
519 2607 616 2666 verba
648 2603 679 2664 ἐν
709 2610 770 2678 τοῖς
801 2600 976 2686 γυμνασίοις
1007 2608 1095 2667 recte
1127 2607 1306 2681 expunxit;
1333 2608 1386 2667 est
1409 2608 1464 2667 aut

282 2720 608 2792 interpretamentum
640 2720 681 2780 ad
712 2716 744 2778 ἐν
766 2724 829 2791 ταῖς
851 2719 1043 2798 παλαίστραις
1073 2721 1131 2780 aut
1154 2720 1321 2781 inficetum
1345 2721 1463 2781 addita·

237 2827 442 2894 Gmentum.
468 2824 488 2916 Η
512 2834 728 2894 Herwerdeno
756 2832 828 2904 (Mn.
857 2834 952 2903 1883)
976 2849 1032 2908 pro
1055 2830 1091 2890 τὰ
1114 2830 1213 2892 αὑτῶν
1237 2831 1375 2910 πράττειν
1404 2835 1463 2902 (hic

281 2945 397 3020 positis
437 2961 493 3019 pro
536 2943 571 3003 τὰ
613 2945 740 3005 εἰωθότα
786 2949 846 3024 πρ.)
883 2946 1059 3019 requirenti
1093 2943 1129 3004 τὰ
1164 2952 1286 3004 τοιοῦτοι
1310 2946 1463 3006 ,σκώπτειν

282 3062 319 3129 (ε.
344 3058 507 3142 κωμῳδεῖν)
530 3060 582 3119 vel
606 3060 713 3119 simile
738 3062 823 3137 quid,
847 3077 911 3120 κοκ
935 3061 1095 3121 assentior
1122 3077 1162 3121 ne
1184 3062 1355 3132 (facetus‘l)
1376 3062 1463 3122 iocus

282 3175 402 3246 pereat.
441 3173 719 3249 Quemadmodum
755 3175 842 3234 enirn
876 3174 1030 3252 κεραμεύς,
1064 3175 1092 3233 si
1126 3173 1161 3232 τά
1195 3172 1303 3235 ἑαυτοῦ
1337 3174 1464 3254 πράττει,

282 3285 446 3363 κεραμεύετ,
469 3286 515 3346 sic
539 3281 554 3344 ὅ
575 3285 728 3364 σκώπτων,
751 3288 779 3348 si
799 3287 934 3365 σκώπτει,
953 3289 1015 3348 dici
1036 3289 1144 3362 potest
1163 3285 1199 3346 τὰ
1219 3285 1316 3347 αὑτοῦ
1328 3287 1463 3367 πράττειν

283 3403 391 3468 (sensu
423 3399 607 3470 Platonico).
641 3400 674 3460 si
702 3402 812 3460 autem
837 3402 950 3460 textus
974 3402 1144 3475 corruptus
1168 3404 1228 3478 est,
1256 3401 1483 3463 Herwerdeni·

283 3514 316 3572 ca
349 3512 435 3572 iusto
470 3513 620 3573 audacior
651 3513 818 3586 multoque
849 3514 952 3574 lenior
983 3514 1136 3574 correctio
1168 3515 1208 3575 ad
1240 3530 1376 3575 manum
1404 3516 1461 3590 est,

282 3641 399 3700 nempe
436 3622 499 3702 [μὴ]
536 3622 571 3684 τὰ
605 3623 704 3684 αὑτῶν
738 3625 874 3704 προλττειν
903 3622 1011 3685 ’ἎΜΑ
1028 3620 1048 3697 ¹)
1082 3626 1281 3699 [σπουδάζειν]
1315 3625 1365 3686 κοιλ
1398 3631 1464 3703 κτλ,

282 3740 392 3812 itaque
417 3739 520 3800 eidem
544 3739 767 3812 interpolatori
787 3737 964 3810 σπουδάζειν
985 3740 1162 3816 debebitur,
1185 3741 1237 3800 cui
1258 3755 1356 3815 supra
1369 3741 1463 3801 verba

284 3849 315 3910 ἐν
348 3856 408 3922 τοῖς
443 3850 625 3930 γυμνασίοις.
662 3885 705 3892 -
737 3852 837 3913 Recte
868 3852 1032 3913 Herwerd.
1066 3854 1139 3923 (Mn.
1174 3853 1268 3924 1891)
1302 3869 1382 3914 corr.
1407 3861 1462 3912 τῶν

287 3964 511 4038 <ιοιοάτιυν>
534 3965 716 4043 γυμνασίαν,
735 3966 818 4038 quod
838 3967 944 4040 magis
967 3968 1166 4040 probandum
1184 3982 1282 4040 quam
1296 3967 1463 4028 Richardsi

284 4086 342 4136 τῶν
381 4079 580 4157 <γυμνῶν>
618 4083 792 4159 γυμνασίων
824 4079 906 4149 (coll.
939 4080 1028 4141 Pind.
1061 4081 1156 4154 Pyth.
1191 4082 1242 4156 11,
1278 4083 1318 4142 73
1350 4077 1463 4160 γυμνὸν

232 4197 258 4260 1)
285 4190 427 4268 στάδιον),
472 4193 554 4264 quod
589 4192 689 4252 nimis
723 4193 896 4267 poeticum.
922 4184 940 4276 λΙ
966 4193 1070 4254 Verba
1106 4191 1149 4252 ὅτι
1184 4193 1306 4270 μάταιος
1320 4238 1459 4252 ........

284 4302 335 4364 τὸν
358 4313 410 4365 τοῦ
435 4301 555 4383 ἀγαθοῦ
580 4305 690 4380 procul
713 4307 808 4367 dubio
832 4311 981 4380 corrupta
1004 4310 1037 4367 et
1060 4307 1255 4382 interpolata
1278 4313 1366 4384 sunt,
1389 4322 1461 4368 cum

320 4545 340 4610 ¹)
359 4551 506 4596 sexcenties
524 4564 564 4610 ap.
583 4550 717 4597 Platonem
734 4566 758 4598 τι
777 4575 806 4583 -
826 4553 875 4610 ἅμα
893 4554 932 4600 καὶ
950 4552 1063 4601 obvium.
