3260 5098
742 265 804 325 133
890 228 893 233 ’

190 465 300 509 corum
331 451 420 512 codd.
452 447 497 528 (in
528 451 644 525 quibus
676 451 747 510 Par.
778 446 819 526 Α)
852 449 925 511 leot.
958 447 1086 522 <ιιαδ>
1113 449 1251 530 καθαρὸν
1274 453 1361 526 prob.

190 562 301 623 Stallb.
334 561 444 642 (1850)
476 565 586 625 Herm.
619 564 702 624 Bait.
735 563 909 637 Gampbell.
936 564 1014 624 Mihi
1036 565 1126 625 locus
1149 565 1362 640 interpolatus

190 676 317 737 videtur
335 681 368 737 et
388 678 486 738 verba
505 675 555 736 ιιαδ
574 675 614 755 μὴ
634 673 789 736 ἀπατεῶνα
808 671 893 754 ἡμῶν
913 678 1063 738 insiticia.
1084 679 1212 739 Etenim
1234 680 1362 752 propter

189 790 287 850 verba
318 789 414 870 ὥσπερ
445 790 543 867 φόνου
575 791 615 851 ad
646 787 771 867 ἀφίεμεν
801 793 913 876 mente
941 792 1157 866 supplendum
1181 794 1232 852 est
1255 791 1361 852 νούσου

187 904 207 963 i.
240 919 267 964 θ.
291 912 344 964 τοῦ
366 901 483 963 ἀπατᾶν
507 900 585 982 ἡμᾶς
608 914 647 987 τῷ
670 902 757 988 λόγῳ,
779 905 888 977 itaque
913 905 1011 966 verba
1034 902 1074 981 μὴ
1099 903 1254 964 ἀπατεῶνα
1278 901 1363 982 ἡμῶν

184 1019 258 1090 post
277 1015 415 1096 καθαρὸν
435 1011 510 1076 εἶναι
530 1018 623 1092 plane
643 1017 771 1091 frigent.
794 1007 881 1078 Num
901 1019 974 1092 quis
994 1034 1138 1092 unquam
1159 1019 1240 1079 dixit
1253 1015 1365 1096 ἀφίημί

187 1145 219 1188 σε
248 1129 347 1205 φόνου
379 1128 475 1209 (ὥστε)
506 1130 643 1210 καθαρὸν
675 1124 751 1190 εἶναι
780 1129 845 1190 καὶ
872 1129 920 1209 μὴ
944 1128 1095 1207 pocior?
1119 1132 1275 1205 Equidem
1299 1147 1363 1192 non

186 1244 279 1305 credo
313 1260 416 1319 neque
451 1245 562 1320 opinor
592 1246 639 1306 tu.
671 1245 755 1305 illud
788 1242 838 1304 noi
871 1247 945 1306 ante
977 1243 1115 1325 καθαρὸν
1147 1245 1363 1319 dittographia

188 1359 302 1417 natum
334 1361 394 1420 est.
428 1359 606 1435 Quominus
629 1360 726 1420 verba
750 1358 847 1438 ὥσπερ
870 1357 969 1434 φόνου
995 1375 1069 1420 oum
1096 1357 1234 1437 καθαρὸν
1249 1353 1271 1437 ¹)
1296 1359 1362 1418 iun·

186 1486 304 1544 gamus
336 1469 385 1550 (ut
408 1472 581 1533 Schneider
604 1473 709 1534 suasit
723 1468 770 1551 2))
793 1446 963 1548 prohibent
986 1489 1049 1534 non
1075 1475 1170 1534 modo
1194 1473 1364 1546 sequentia

186 1583 321 1664 καθαρός
351 1608 384 1666 γε
413 1561 464 1645 καὶ
491 1583 588 1646 teeti
612 1584 747 1664 ἀφεθείς,
770 1588 826 1648 sed
850 1587 950 1648 etiam
972 1586 1034 1647 loci
1057 1587 1154 1646 huius
1177 1586 1363 1646 consimiles

187 1714 239 1759 ex.
272 1714 317 1772 gr.
350 1701 445 1774 Legg.
478 1701 585 1761 869A
616 1698 668 1760 ἐὰν
701 1697 716 1760 ὅ
744 1699 979 1777 τελευτήσας...
1010 1697 1061 1759 τὸν
1092 1698 1240 1777 δράσαντα
1263 1697 1362 1774 φόνου
1431 1754 1432 1757 ,

188 1808 264 1895 ἀφιῇ
285 1809 416 1890 (ibidem
435 1813 468 1873 in
488 1812 507 1890 ξ
527 1815 553 1873 D
573 1810 709 1892 περὶτῆς
729 1811 862 1890 ἀφέσεως
882 1812 993 1892 εἴρηται
1004 1808 1115 1889 φόνου)
1129 1808 1213 1887 ἑκών,
1224 1809 1362 1889 καθάπερ

187 1925 220 1985 οἱ
241 1925 290 1986 σὸν
313 1913 457 1986 ἀκούσιον
479 1925 577 2004 φόνον
597 1924 820 2006 ἐξεργασάμενοι
830 1972 900 1985 .....
921 1923 1056 2004 καθαρὸς
1076 1922 1156 1984 ἔστω.
1181 1957 1224 1966 -
1242 1923 1314 1984 Vam
1337 1924 1362 1982 L

187 2038 264 2111 εἰκὸς
288 2037 321 2099 δέ
341 2043 394 2120 [γε]
417 2041 531 2103 Aetius
550 2042 637 2101 recte
657 2041 793 2116 recepit;
816 2041 888 2101 vide
908 2041 947 2100 de
967 2039 1027 2100 tali
1046 2055 1108 2099 usu
1129 2039 1363 2099 coniunctionis

137 2159 160 2227 0
187 2150 219 2213 δὲ
250 2154 336 2214 diota
362 2155 402 2214 ad
427 2154 540 2214 33213.
566 2145 586 2237 ΙΙ
609 2155 709 2215 Recte
734 2154 842 2228 Steph.
867 2154 900 2214 et
923 2153 985 2213 Aet
1007 2151 1079 2212 vam
1102 2151 1127 2211 L
1150 2149 1221 2229 μετὰ
1244 2149 1359 2225 <ιὸ>

187 2264 325 2345 ἀνδρεῖον
356 2266 382 2326 δ.
414 2269 615 2345 receperunt,
639 2268 719 2328 item
744 2267 882 2328 Oobetus
907 2265 995 2346 (nota
1019 2264 1094 2344 ms.)
1118 2263 1274 2344 τάνδρεῖον
1298 2282 1362 2326 cor·
1479 2343 1481 2346 ι

186 2383 311 2457 rigens;
342 2383 516 2457 postquam
546 2384 579 2442 in
612 2383 987 2442 ΜΕΤΑΤΑΝΛΡΕΙΟΝ
1014 2382 1140 2455 syllaba
1173 2383 1226 2438 TA
1256 2379 1361 2453 haplo·

185 2497 318 2569 graphia
341 2496 515 2573 exciderat,
536 2490 597 2573 μοι’
620 2497 744 2557 iactum
764 2497 815 2556 est
835 2494 914 2572 μειά.
935 2495 972 2556 R.
993 2496 1123 2555 Forster
1143 2492 1236 2571 (Mus.
1258 2492 1360 2552 Rhen.

189 2609 273 2670 1875
306 2611 343 2670 et
379 2607 475 2686 1880)
507 2610 678 2671 Platonem
708 2610 788 2670 haec
821 2610 1017 2669 scribentem
1047 2608 1221 2682 Sophronis
1252 2604 1361 2683 μίμους

185 2720 342 2802 ἀνδρείους
375 2721 426 2783 καὶ
453 2723 641 2803 γυναικείους
665 2725 847 2799 respexisse
870 2739 934 2784 non
957 2723 1065 2797 inepte
1089 2721 1275 2795 suspicatus
1299 2720 1360 2794 est,

185 2853 260 2898 cum
283 2838 337 2898 hic
359 2854 424 2899 voc.
446 2837 543 2917 δρᾶμα
563 2838 626 2898 alio
645 2854 746 2898 sensu
757 2852 856 2911 quam
869 2837 901 2896 in
914 2837 1045 2896 Theaet.
1062 2835 1124 2894 150
1137 2835 1165 2894 A
1177 2833 1356 2894 adhibitum

133 2960 162 3025 l)
186 2952 239 3012 sit.
263 2943 282 3035 ΙΙ
306 2953 399 3012 Unus
419 2955 486 3017 cod.
507 2968 582 3012 cum
600 2952 720 3013 Galeno
732 2952 838 3012 exhib.
855 2952 958 3023 <ιαῖς
971 2945 1066 3026 μὲν)
1081 2944 1121 3019 ὡς
1133 2943 1358 3025 ἀσθενεστέραις

184 3067 393 3140 probantibus
417 3067 511 3126 Astio
534 3068 568 3128 et
592 3067 709 3127 sra11b⁰
733 3061 856 3142 (1829),
880 3065 976 3140 male,
1001 3063 1076 3137 quia
1096 3062 1136 3122 ad
1156 3069 1242 3144 κοινῇ
1261 3059 1359 3118 πάντα

185 3184 295 3240 mente
326 3182 538 3256 supplendum
571 3179 622 3242 est
652 3179 703 3253 τὰς
734 3179 872 3258 anisium
902 3181 941 3240 cf.
965 3179 1049 3239 inira
1073 3177 1179 3238 456A
1202 3173 1279 3252 πλὴν
1304 3172 1358 3232 δσα

185 3291 242 3371 (sc.
263 3288 282 3370 ἡ
303 3289 367 3372 μὲν)
389 3292 595 3374 ἀσθενεστέρα,
613 3289 632 3371 ἡ
653 3290 685 3353 δὲ
704 3298 762 3369 ιιι,
785 3293 840 3353 ubi
860 3293 1011 3352 similiter
1031 3291 1172 3351 Galenus
1186 3283 1247 3366 (ἡ
1260 3283 1356 3365 pio>

184 3407 326 3481 praebet.
350 3441 388 3452 -
409 3409 480 3468 Non
498 3424 632 3470 neeesse
654 3409 736 3486 (coll.
758 3408 852 3481 Legg.
872 3407 936 3466 906
949 3403 986 3484 Β)
1001 3406 1052 3464 est
1064 3404 1221 3476 corrigere
1233 3405 1360 3477 φυλακι-

185 3529 247 3579 κῶν
271 3517 396 3599 (κυνῶν)
420 3537 476 3596 pro
496 3521 650 3599 φυλάκων,
667 3523 729 3582 etsi
749 3522 869 3582 Graece
889 3520 951 3581 diei
972 3519 1055 3578 solet
1073 3517 1155 3576 κύων
1175 3513 1361 3593 θηρευτικάς,

185 3649 249 3694 non
279 3616 437 3713 θηρευτής.
471 3634 584 3697 Confer
607 3636 775 3710 praeterea
796 3634 975 3695 locutiones
999 3628 1105 3709 ἀνδρες
1128 3629 1268 3705 φύλακες,
1291 3633 1359 3702 νῆες

140 3751 163 3815 Ε
187 3746 348 3824 φυλακίδες
382 3750 416 3808 et
445 3750 479 3808 in
514 3750 576 3809 401
590 3750 619 3808 A
647 3747 741 3819 κύνας
773 3745 949 3825 ἐπικούρους
980 3743 1135 3828 ποιμνίων.
1160 3733 1181 3824 ΙΙ
1204 3740 1361 3800 Voculam

185 3858 235 3919 καὶ
265 3863 340 3922 ante
373 3859 526 3921 διδακτέον
557 3862 669 3922 omisit
699 3862 770 3922 Par.
801 3852 853 3937 ΑῙ,
885 3861 941 3920 sed
972 3855 1021 3917 ιιαὶ
1052 3859 1128 3917 ante
1150 3859 1211 3927 νσῖς
1235 3852 1361 3931 ἀνδράσι

184 3989 248 4033 κον
272 3991 335 4037 om.
360 3969 413 4036 ΑΙ.
516 3989 519 3993 ·
1208 3949 1210 3953 ’

52 4088 105 4150 452
131 4089 161 4156 Α
229 4088 312 4149 ΙΙΙυδ
334 4109 364 4148 ιε
388 4090 461 4163 post
485 4085 606 4159 ἐκείναις
631 4083 907 4162 in'compluribus
931 4086 1019 4145 codd.
1043 4085 1136 4145 abest
1159 4097 1284 4143 necnon
1311 4096 1360 4154 ap.

220 4304 239 4372 ¹)
256 4308 302 4355 Vel
326 4309 363 4355 sio
385 4309 463 4356 verbu
486 4311 524 4356 nal
548 4310 579 4368 μὴ
601 4312 724 4356 ἀπατεῶνα
749 4313 812 4370 ἡμῶν
829 4309 932 4366 frigent,
949 4306 1009 4364 quia
1026 4307 1111 4351 τούτου
1128 4307 1184 4350 tum
1203 4304 1235 4350 ad
1254 4302 1362 4367 καθαρὸν

185 4383 243 4434 εἶναι
260 4389 346 4434 mente
364 4389 538 4448 supplendum
556 4392 603 4436 est.

219 4463 239 4530 ²)
262 4468 351 4526 Neque
375 4468 449 4514 aliter
472 4467 606 4528 (lumpbell
628 4469 718 4515 vertit:
742 4468 786 4515 We
809 4467 896 4525 coquit
918 4477 969 4524 you
991 4464 1055 4511 both
1080 4476 1108 4508 as
1129 4463 1246 4521 guiltless
1270 4460 1298 4508 of
1314 4473 1362 4508 our

185 4546 271 4605 blood,
290 4561 318 4594 so
335 4550 362 4594 to
381 4561 436 4607 say,
454 4547 504 4594 end
523 4561 551 4596 cs
569 4551 614 4595 not
629 4562 676 4596 our
695 4549 821 4596 deoeirer.
