3260 5098
712 360 773 418 113

150 543 213 610 est,
248 544 334 603 recte
369 545 456 618 puto.
494 544 696 621 Optimorum
732 549 820 609 codd.
856 549 929 610 lect.
966 552 1017 610 est
1047 550 1236 631 χαλεστραίου
1267 549 1326 623 (sic

150 656 268 717 Moeris
290 673 319 732 p.
347 660 409 719 147
435 659 587 737 Pierson),
608 663 642 721 at
663 662 855 722 scholiastes
875 663 1029 743 (χαλάσκρα
1050 664 1133 736 πόλις
1153 670 1224 741 κτλ),
1245 667 1325 728 Plin.

151 769 192 831 H.
206 770 243 831 N.
254 772 306 848 31,
318 773 369 848 10,
384 774 402 833 5
417 772 665 843 (Chalestricum
677 809 715 817 —
726 791 771 835 sc.
785 777 907 836 nitrum
920 781 981 852 -),
996 777 1163 854 stobaeus,
1173 779 1327 841 Timaeus

151 884 240 952 (Lex.
264 901 293 960 p.
320 887 394 957 272)
420 901 532 950 vocem
555 904 612 962 per
632 903 650 945 α
670 890 824 950 scribunt.
845 890 1004 951 Recentes
1025 891 1114 952 editt.
1139 907 1252 952 omnes
1272 909 1328 968 per

150 1007 167 1055 r
202 1000 408 1075 scripserunt.
434 990 452 1082 ΙΙ
478 1000 610 1076 Propter
645 1003 852 1076 parenthesin
888 1001 1007 1074 (αανιὸς
1042 1003 1237 1082 χαλασιραίου
1268 1009 1327 1076 κιλ)

150 1114 251 1173 verba
281 1113 359 1191 λύπη
390 1136 419 1173 ιε
450 1118 499 1173 κτλ
531 1116 753 1176 anacoluthice
784 1116 919 1177 articulo
948 1120 1068 1178 carent.
1093 1118 1193 1178 Valde
1218 1120 1328 1179 dubito

150 1241 193 1286 an
225 1227 399 1299 genuinum
432 1228 476 1288 sit
507 1244 574 1289 voc.
606 1227 708 1300 κονίας
740 1230 834 1302 (quod
866 1231 947 1290 mire
979 1228 1136 1308 παρέλκει),
1162 1232 1238 1292 licet
1262 1234 1327 1292 iam

150 1339 344 1401 scholiastes
375 1342 408 1401 et
439 1342 555 1401 Pollux
585 1340 687 1412 κονίας
718 1343 751 1401 in
779 1344 1019 1417 exemplaribus
1042 1345 1111 1403 suis
1135 1345 1327 1406 invenerint.

150 1453 326 1528 Sequentia
349 1453 458 1525 παντὸς
482 1451 572 1513 diluo
596 1452 746 1545 ῥύμματος
769 1456 914 1516 Badhnm
937 1433 1084 1527 (Phaedri
1103 1458 1213 1532 praef.)
1236 1459 1330 1519 eiecit

148 1569 221 1627 iure
245 1568 453 1643 probantibus
476 1569 604 1628 Baitero
628 1572 661 1630 et
683 1569 901 1630 Hervverdeno
926 1569 957 1639 (l.
978 1571 1028 1641 l.):
1050 1573 1083 1631 et
1104 1586 1215 1631 eorum
1236 1574 1330 1632 sedes

148 1683 184 1741 et
209 1696 319 1741 eorum
340 1683 511 1757 explicatio
532 1683 677 1743 maxime
697 1684 912 1744 incommoda.
935 1683 1063 1744 stobaei
1083 1685 1226 1759 plerique
1240 1686 1328 1745 codd.

148 1793 280 1870 μονίμου
311 1811 367 1869 pro
397 1794 526 1872 νομίμου
557 1795 720 1872 exhibent,
754 1796 850 1872 male,
883 1797 946 1857 vid.
979 1797 1063 1857 infra
1094 1799 1157 1858 433
1184 1797 1206 1858 (λ
1239 1796 1329 1874 δόξης

149 1905 289 1983 ἐννόμου.
309 1910 346 1968 In
367 1909 483 1968 ultima
502 1925 629 1982 quoque
648 1910 708 1970 hac
728 1910 746 1979 ἓ
766 1910 949 1984 Stephanus
961 1913 994 1970 et
1007 1911 1169 1971 Dobraeus
1184 1911 1328 1980 (Advers.

149 2021 240 2091 Orit.)
272 2020 399 2097 μόνιμον
431 2021 488 2091 (sic
520 2022 649 2083 stobaei
680 2022 803 2096 aliquot
835 2024 934 2093 codd.)
963 2039 1019 2098 pro
1042 2022 1170 2101 νόμιμον
1194 2024 1329 2097 require·

147 2135 238 2195 bant.
264 2134 373 2194 Obiter
397 2136 518 2208 corrige
544 2134 650 2194 δεινῶν
677 2135 788 2209 <ιε>
814 2133 881 2214 πέρι
904 2133 954 2194 καί
978 2136 1026 2214 μή.
1052 2171 1091 2180 -
1114 2138 1329 2198 Herwerdeno

148 2263 233 2308 mox
266 2248 385 2321 legenti
419 2245 473 2324 την
511 2243 630 2325 [ὀρθὴν]
669 2247 759 2320 δόξαν
793 2250 888 2323 plane
922 2252 1083 2311 assentior
1114 2267 1154 2311 ne
1187 2251 1328 2311 Glaucon

149 2357 247 2443 ἑαυτῷ
281 2357 421 2419 τάναντία
456 2357 539 2443 λέγη;
572 2363 678 2422 etiam.
702 2363 735 2421 in
766 2365 966 2436 praegressis
995 2365 1069 2433 (429
1093 2364 1115 2424 C
1139 2362 1192 2439 τὴν
1219 2397 1257 2405 -
1283 2379 1327 2423 se.

148 2473 298 2554 σωτηρίαν
325 2509 367 2516 -
391 2483 440 2552 τῆς
465 2473 553 2552 δόξης
578 2482 627 2551 τῆς
651 2473 711 2534 ὑπὸ
735 2474 830 2552 νόμον
855 2473 905 2535 διὰ
927 2483 978 2553 τῆς
1002 2475 1137 2547 παιδείας
1161 2474 1328 2564 γεγονυίας)

148 2591 348 2665 adjectivum
384 2585 479 2668 ὀρθῆς
515 2604 577 2650 non
610 2590 756 2650 additum
788 2591 848 2650 est.
882 2590 951 2649 lam
984 2607 1013 2650 v.
1046 2590 1074 2649 d.
1100 2590 1232 2664 Montijn
1255 2589 1328 2649 lect.
1431 2677 1433 2680 Ι

149 2701 251 2784 ὀρθὴν
274 2705 522 2778 improbaverat,
548 2703 633 2763 male
657 2704 768 2763 tamen
793 2703 829 2762 V.
855 2703 889 2762 L.
915 2700 1008 2778 αὐτὴν
1029 2704 1103 2762 curn
1124 2702 1234 2761 Ficino
1254 2703 1329 2761 reci-

148 2819 302 2894 piendam
334 2818 479 2877 duxerat.
512 2816 662 2876 Liebhold
688 2816 805 2886 (Fleck.
830 2816 900 2876 Jbb.
927 2816 1011 2875 1888
1035 2816 1086 2877 bd.
1113 2817 1186 2885 137)
1212 2815 1250 2875 ci.
1275 2812 1330 2890 νην

149 2927 251 3009 ὀρθὴν
275 2927 365 3002 δόξαν
390 2928 605 3002 (δοξάζειν)
630 2930 662 2989 et
686 2929 878 3003 paulopost
901 2927 954 3005 τὴν
978 2929 995 2987 d
1015 2925 1028 2987 ὲ
1052 2933 1119 3003 (pro
1142 2933 1194 3006 ιε),
1213 2930 1331 3003 inepte.

148 3045 272 3117 Utique
304 3044 425 3117 corrige
452 3040 507 3116 τὴν
530 3041 621 3113 δόξαν
649 3040 784 3118 <τὴν>
810 3039 875 3120 περὶ
900 3045 957 3101 καί.
984 3047 1017 3103 et
1039 3039 1090 3101 καί
1117 3040 1253 3119 (cbo)
1280 3038 1332 3100 δίν-

150 3156 333 3237 δραπαδώδη
366 3159 434 3227 (aui
458 3153 510 3231 τὴν
535 3159 605 3234 θηρ.
627 3177 657 3214 τε
679 3152 730 3214 καί
753 3152 829 3225 ἀνδ.)
856 3155 906 3215 vel
930 3157 1037 3230 potius
1061 3155 1116 3233 τήν
1139 3176 1171 3234 γε
1194 3154 1333 3232 θηριώδη

150 3269 205 3331 καὶ
236 3267 299 3330 dod.
331 3271 521 3331 Dubitanter
552 3284 692 3345 propono
724 3268 820 3339 δοκεῖς
850 3267 906 3347 γάρ
938 3290 988 3346 μοι
1015 3260 1130 3344 (nri)
1157 3266 1211 3344 τὴν
1243 3267 1334 3339 δόξαν

99 3387 124 3455 C
150 3383 209 3462 τὴν
232 3381 297 3464 περί
321 3392 378 3444 τῶν
402 3382 501 3444 αὐτῶν
526 3383 637 3443 τούτων
651 3428 735 3441 .....
749 3426 758 3458 ,
786 3379 840 3458 τήν
863 3403 895 3460 γε
918 3381 1057 3460 θηριώδη
1079 3386 1136 3441 κτλ.
1163 3374 1182 3463 ΙΙ
1206 3382 1335 3456 Optime

151 3499 293 3562 cobetus
317 3501 404 3570 (nota
429 3503 502 3570 ms.)
527 3498 668 3558 correxit
692 3497 836 3574 ζητοῦμεν
861 3495 918 3566 (sic
938 3496 1004 3556 iam
1025 3496 1062 3557 V.
1085 3497 1118 3566 L)
1141 3511 1197 3571 pro
1218 3492 1334 3571 ίζιμοῦ-

90 3611 122 3676 Ι)
149 3635 216 3694 μεν.
241 3604 260 3697 Η
286 3613 414 3687 dorrige
434 3613 587 3690 ζητοῦμεν,
610 3606 711 3688 <η>
735 3609 919 3686 δικαιοσύνη.
940 3609 1096 3670 Richards
1120 3609 1232 3680 (class.
1254 3608 1333 3667 Rev.

153 3730 252 3799 1893)
275 3730 313 3789 ci.
336 3725 408 3787 αὐτὸ
430 3725 595 3806 [πρότερον]
618 3731 762 3800 φανῆναι,
781 3725 815 3783 at
839 3723 925 3782 recte
939 3720 1069 3797 (tampb.
1084 3722 1182 3782 verba
1195 3719 1335 3794 explicat

154 3846 192 3923 ,1
223 3846 261 3906 do
292 3846 350 3906 not
374 3845 462 3903 want
486 3843 602 3903 iustice
626 3843 659 3900 to
683 3855 801 3914 appear
824 3838 905 3914 first,
931 3839 965 3899 at
988 3837 1082 3913 least,
1107 3836 1133 3895 if
1153 3836 1226 3895 that
1250 3834 1278 3894 is
1303 3837 1336 3894 to

95 3957 124 4022 Ε
150 3960 290 4035 prevent
313 3973 352 4018 us
376 3958 459 4018 from
483 3955 674 4031 proceeding
697 3957 731 4014 to
750 3953 901 4014 examine
922 3953 1160 4025 temperancee’
1186 3940 1206 4032 ΙΙ
1231 3949 1337 4008 Verba
1358 3967 1364 3982 ¹

150 4071 262 4149 κόσμος
286 4072 346 4132 κού
370 4093 411 4142 κις
426 4117 510 4129 .....
534 4070 600 4149 ἴχνη
625 4067 716 4145 αὐτῆς
740 4064 850 4146 λίγειαι
876 4067 968 4127 valde
992 4065 1131 4125 editores
1155 4062 1336 4123 torserunt.

152 4185 358 4261 Optimorurn
380 4185 468 4245 codd.
490 4184 585 4244 lectio
606 4184 655 4243 est
677 4181 844 4257 φαίνονται.
866 4181 903 4238 In
917 4177 1103 4239 ParisinoA
1116 4178 1231 4236 autem
1248 4189 1337 4234 voca·

151 4299 268 4359 bulum
287 4297 416 4372 punctis
437 4297 586 4356 notatum
609 4297 659 4356 est
680 4282 860 4367 (μαίνονται)
883 4293 916 4350 et
935 4291 968 4349 in
987 4304 1050 4363 mg.
1064 4306 1083 4349 a
1098 4305 1140 4348 m.
1155 4303 1182 4347 s.
1200 4286 1337 4361 adscrip-

152 4415 227 4472 tum
258 4434 301 4491 γρ.
333 4407 473 4490 λέμονιες.
505 4408 589 4469 illud
622 4405 781 4483 φαίνονται
805 4405 991 4477 corruptum
1017 4417 1089 4461 esse
1115 4402 1201 4460 inter
1225 4415 1339 4459 omnes

155 4528 292 4588 constat.
325 4525 406 4601 Quid
437 4525 506 4597 lpse
537 4523 677 4583 sentiam
706 4521 847 4594 primum
872 4519 988 4577 dicam.
1013 4514 1177 4575 Particula
1202 4512 1262 4572 ιιοί
1288 4527 1339 4572 me

155 4641 260 4702 iudice
290 4641 349 4700 hoc
381 4639 450 4698 loco
481 4636 642 4710 significat
677 4634 803 4711 ,procul
836 4632 952 4690 dubio'’
979 4629 1125 4698 (minime
1151 4628 1339 4687 enimcum
1422 4673 1424 4680 .

1248 4733 1262 4774 e
