3278 5098
726 314 767 374 23

160 498 231 570 quia
262 499 330 561 illic
362 501 405 570 (in
435 501 524 575 Rep.)
555 498 588 560 ιδ
614 499 694 580 ῥῆμα
720 502 785 562 iam
814 503 1014 565 auditoribus
1037 505 1151 564 notum
1175 503 1255 577 erat,
1280 501 1332 562 hic

161 613 201 681 (in
234 612 345 686 Legg.)
380 613 459 674 illud
493 611 617 692 σμικρὸν
652 613 732 694 ῥῆμα
766 617 870 678 adhuc
904 632 924 677 a
958 616 1085 690 Megillo
1115 615 1330 690 ignorabatur.

160 723 260 786 Verba
288 721 359 785 eddi
389 724 421 785 ιδ
454 725 580 804 δίκαιον,
615 742 698 801 quae
732 729 828 803 paulo
862 732 936 804 post
970 733 1160 806 sequuntur,
1191 729 1332 789 insiticia

161 840 249 900 sunt:
282 840 371 914 prius
402 836 473 900 οὐδὲ
496 843 536 902 ad
559 849 645 902 ποῠιο
669 844 818 920 pertinet,
843 859 907 904 non
931 845 972 904 ad
994 839 1014 920 ἡ
1039 843 1225 918 δικαιοσύνη,
1247 843 1330 917 inep-

160 955 228 1013 tum
258 954 359 1028 igItnr
388 958 439 1016 est
468 951 540 1016 οὐδὲ
570 953 601 1016 νδ
626 955 742 1017 δίκαιον
766 958 893 1033 addere,
917 958 993 1031 quia
1015 958 1087 1017 tum
1112 951 1130 1033 r]
1156 954 1331 1033 δικαιοσύνη

161 1066 275 1127 dicitur
305 1083 369 1128 non
400 1069 486 1130 idem
518 1085 591 1131 esse
623 1086 661 1131 ac
691 1069 723 1130 ιδ
748 1070 874 1133 δίκαιον.
899 1072 1062 1132 Insertum
1086 1071 1138 1131 est
1160 1067 1192 1128 νδ
1216 1068 1333 1128 δίκαιον

160 1179 197 1240 ab
227 1181 335 1254 aliquo
368 1186 415 1254 (ut
445 1181 517 1242 αὐτὸ
549 1185 683 1245 haberet
713 1200 776 1258 quo
807 1185 990 1256 referretur)
1022 1184 1130 1244 nescio
1156 1197 1332 1258 pronomen

160 1291 229 1353 αὐτὸ
253 1295 394 1356 indicare
416 1294 470 1373 τὴν
494 1295 690 1375 δικαιοσύνην
713 1313 818 1372 posse.
843 1299 915 1359 Iam
935 1299 968 1358 in
989 1299 1051 1358 331
1075 1297 1097 1359 0
1116 1291 1135 1373 ἡ
1157 1296 1332 1372 δικαιοσύνη

159 1423 212 1481 per
235 1406 309 1468 αὐτὸ
332 1409 501 1484 designata
524 1414 603 1472 erat.
629 1411 773 1487 Saepius,
795 1413 832 1471 ut
852 1427 930 1472 mox
950 1412 991 1472 ad
1012 1413 1075 1472 343
1097 1410 1119 1472 O
1140 1411 1331 1486 videbimus,

161 1520 279 1582 librarii
309 1523 343 1582 in
374 1524 489 1584 Politia
512 1525 553 1585 ad
576 1520 595 1602 ἡ
620 1524 707 1584 διναι.
734 1525 977 1600 adscripserunt
996 1523 1028 1586 ιδ
1053 1525 1169 1584 δίκαιον
1194 1525 1290 1585 etad
1313 1517 1331 1600 ἡ

117 1630 141 1694 B
161 1632 258 1694 ἀδικία
290 1637 387 1697 verba
417 1637 449 1697 ιδ
480 1634 585 1698 άδικον
609 1640 660 1699 vel
685 1640 756 1700 vice
782 1654 886 1701 versa.
914 1631 934 1722 ΙΙ
958 1638 1151 1700 cenericum
1175 1635 1215 1709 ὡς
1238 1632 1270 1698 δὲ
1289 1634 1332 1713 δὴ

161 1747 353 1827 ἐπαυσάμεθα
383 1753 504 1813 frustra
527 1747 547 1822 ¹)
579 1754 689 1814 Heller
719 1753 802 1825 (Gur.
835 1754 905 1815 erit.
937 1770 967 1829 p.
993 1755 1033 1814 21
1059 1760 1129 1826 sq.)
1143 1755 1175 1814 et
1200 1752 1330 1826 Oampb.

161 1863 298 1925 refutare
320 1867 435 1926 conati
467 1869 553 1943 sunt,
586 1868 661 1941 quia
688 1883 752 1930 non
776 1868 918 1929 aoristus
941 1867 1031 1928 verbi
1054 1866 1256 1926 διαπαάεσδαι
1279 1864 1331 1925 hic
1452 1912 1454 1917 .

161 1979 253 2052 aptus
276 1981 337 2055 est,
362 1980 418 2040 sed
441 1981 668 2055 imperfectum
692 1979 915 2058 διεπανόμεθν;
939 1981 979 2057 is,
1003 1981 1042 2041 de
1066 1996 1128 2053 quo
1153 1977 1331 2038 διεπαάσαιο

161 2092 283 2170 dicitur,
308 2109 372 2153 non
394 2094 536 2168 amplius
558 2095 705 2171 quiescit,
731 2095 787 2156 sed
814 2095 1067 2169 disputationem
1091 2095 1157 2154 iarn
1181 2094 1331 2167 integrat.

160 2205 267 2279 Neque
292 2207 375 2267 hano
398 2222 502 2279 neque
526 2208 663 2268 alteram
690 2207 799 2268 (lebeti
823 2218 881 2269 eam
903 2205 1141 2284 διοσπασόμενος
1164 2212 1230 2281 (pro
1251 2206 1332 2284 διορ-

161 2319 335 2398 πασάμενος)
359 2322 498 2383 editores
522 2325 720 2399 receperunt,
746 2323 843 2399 male,
868 2323 907 2383 ei.
933 2338 984 2383 ex.
1005 2338 1052 2396 gr.
1074 2323 1172 2383 Arist.
1193 2323 1253 2382 Av.
1268 2323 1331 2382 367

152 2433 188 2492 ‘rt
213 2427 331 2512 μέλλετ’,
361 2425 384 2494 ὦ
415 2433 536 2494 πάντων
565 2434 688 2495 κάκιστοι
715 2435 833 2515 θηρίων
857 2433 1067 2495 &ruoltona
1082 2432 1172 2515 ἄνδρε
1195 2433 1245 2495 καὶ
1269 2435 1333 2495 διοι-

162 2548 277 2608 σπάσαι.
307 2549 496 2622 Ubicunque
528 2549 700 2628 διαρπάζειν
735 2553 774 2612 (1ο
808 2551 885 2610 feris
917 2550 1097 2611 adhibitum
1130 2552 1178 2621 (ut
1208 2550 1331 2612 Politic.

164 2664 224 2723 274
248 2663 296 2739 B),
327 2662 489 2737 signifieat
518 2665 643 2739 auferre
675 2663 874 2740 dilatatatum,
906 2664 1015 2736 itaque
1042 2663 1142 2722 miror
1170 2662 1332 2738 (iampbel-

162 2776 239 2836 lium
270 2763 446 2838 contulisse
480 2778 572 2839 iliad.
607 2780 657 2855 16,
695 2780 758 2839 355
790 2770 867 2853 alpe
899 2777 1104 2856 διαρπάζουσι,
1134 2793 1209 2838 cum
1239 2778 1336 2851 poeta

163 2890 246 2951 dicat
267 2890 361 2965 lupos
385 2891 434 2961 (cf.
457 2891 553 2965 Legg.
575 2893 639 2953 906
660 2892 686 2951 D
706 2890 738 2951 οἱ
755 2887 786 2950 δὲ
807 2925 848 2971 ,-
868 2907 913 2952 sc.
934 2890 1019 2950 λύκοι
1033 2925 1138 2949 -....
1156 2888 1190 2949 τὰ
1210 2888 1334 2967 ποίμνια

164 3002 342 3083 διαρπάζειν)
373 3005 406 3064 in
438 3020 526 3080 evoe,
555 3005 755 3078 simulatque
783 3005 997 3066 incustoditas
1022 3005 1161 3064 viderint
1191 3002 1335 3079 (ἰδόντες),

162 3117 282 3192 impetu
317 3117 403 3177 iacto
436 3133 534 3178 suam
568 3133 729 3192 quemque
760 3118 914 3193 praedam
946 3118 1082 3178 auferre.
1116 3150 1155 3161 —
1187 3117 1363 3181 Nondum.

161 3231 267 3290 omnia
298 3245 378 3291 sana
414 3232 505 3307 duco,
530 3226 605 3304 qui'a
630 3247 698 3292 voc.
722 3222 794 3308 ἧκεν
818 3231 857 3292 de
880 3231 988 3291 bellua
1011 3246 1093 3304 quae
1117 3247 1152 3292 se
1176 3232 1216 3292 ad
1239 3231 1336 3304 impe-

162 3345 229 3404 tum
273 3344 458 3404 faciendum
494 3345 626 3421 colligit,
670 3345 732 3405 dici
766 3360 829 3405 non
864 3346 988 3418 potest:
1025 3345 1197 3417 requiritur
1232 3344 1338 3417 magis

163 3457 274 3518 idonea
299 3473 373 3534 vox,
397 3472 514 3532 nempe
538 3450 621 3541 ᾖπεν
646 3459 677 3529 (i.
702 3475 729 3520 e.
754 3451 865 3542 ᾖσσον),
888 3459 972 3530 quod
991 3458 1024 3517 in
1044 3458 1204 3532 scriptura
1219 3456 1338 3516 unciali

163 3570 351 3642 (HIOOEN)
383 3571 536 3632 facillime
561 3572 720 3633 confundi
748 3573 856 3647 potest
879 3587 953 3632 curn
976 3572 1109 3630 ΗΚΕΝ.
1134 3570 1197 3630 Vix
1220 3569 1338 3630 melius

164 3685 397 3760 thrasymachi
430 3685 596 3747 Socratem
629 3687 791 3747 refutandi
814 3685 1019 3760 impatientia
1041 3685 1197 3745 illustrari
1221 3683 1339 3758 poterit

163 3815 259 3874 quam
294 3796 349 3858 illo
381 3815 398 3859 e
429 3799 576 3861 Nubibus
612 3800 691 3876 loco,
722 3799 778 3858 ubi
808 3795 823 3857 δ
855 3795 956 3870 άδικος
989 3797 1086 3879 λόγος,
1119 3800 1292 3873 postquam
1323 3793 1339 3856 δ

162 3913 275 3986 δίκαιος
299 3917 323 3972 λ.
348 3914 502 3988 loquendi
531 3913 630 3974 finem
663 3914 750 3990 iecit,
782 3915 829 3975 sic
860 3914 1017 3988 erumpit:
1046 3909 1178 3990 καὶμὴν
1201 3911 1292 3988 πάλαι
1309 3905 1335 3990 γ’

162 4025 325 4107 ἐπνιγόμην
348 4024 384 4085 τὰ
407 4026 558 4105 σπλάγχνα
581 4024 777 4103 κάπνθύμουν
797 4025 914 4085 ἅπαντα
934 4020 1012 4085 ταῦτ’
1035 4023 1182 4097 ἐναντίαις
1194 4023 1339 4104 γνώμαισι

122 4139 350 4220 οσονπαράξαι.
375 4132 394 4224 ΙΙ
420 4141 532 4202 Malim
564 4141 670 4202 delere
693 4138 768 4218 πρὸς
791 4137 935 4217 ἀλλήλους
960 4142 997 4200 ut
1021 4138 1219 4212 significetur
1242 4134 1291 4196 καὶ
1315 4136 1343 4196 πί

162 4254 312 4333 εὐηθικῶς
335 4251 608 4314 ὑποκατακλίνεσθε
631 4257 689 4312 κτλ.
704 4287 744 4297 -
758 4255 808 4314 Ad
830 4253 928 4314 verba
948 4250 1082 4331 ἐγνωκὼς
1102 4258 1188 4310 τοῦτο
1210 4248 1253 4309 ὅτι
1265 4249 1340 4332 ῥᾷον

196 4448 215 4517 ¹)
234 4449 352 4499 Fortasse
372 4455 399 4499 et
415 4452 491 4499 modo
513 4465 693 4511 praegressum
712 4452 834 4498 διακοῦσαι
853 4450 986 4496 librarium
1004 4449 1032 4494 in
1050 4459 1163 4524 errorem
1181 4445 1290 4492 induxit.
1309 4446 1341 4491 In

165 4530 210 4577 397
229 4529 249 4576 Δ
275 4533 330 4578 Par.
356 4525 385 4577 A¹
401 4544 487 4599 ‘prave
511 4530 640 4588 διελέγομνκ
661 4544 708 4589 pro
733 4531 761 4588 δι’]
780 4531 892 4590 ἐλέγομεν,
910 4530 935 4574 in
953 4528 1002 4574 352
1021 4528 1041 4573 B
1060 4527 1106 4572 ult.
1125 4527 1227 4579 δικαίους
1244 4537 1291 4583 pro
1309 4525 1339 4583 δὴ

165 4612 201 4656 καὶ
219 4611 257 4659 olle
274 4610 384 4657 exhibet.
