3278 5098
863 309 903 370 32

295 498 508 580 ἐκπορισούσης
539 501 596 570 (sic
628 500 758 575 steph).
790 500 851 558 Ast
883 500 993 561 autem
1024 499 1058 558 et
1088 499 1214 559 Beklrer
1246 515 1319 559 cum
1345 499 1471 560 duobus

295 618 384 677 codd.
427 616 513 674 recte
549 611 743 693 ἐκποριούσης
778 614 985 687 scripserunt.
1022 612 1126 672 Ceteri
1162 613 1251 673 editt.
1288 613 1471 687 praesentis

241 734 270 798 Β
293 731 502 804 participium·
517 729 699 804 servarunt,
720 728 823 798 male;
847 727 886 787 cf.
908 727 940 786 in
960 727 985 786 E
1005 723 1145 802 σκέψεταί
1156 747 1185 785 κε
1198 724 1245 785 καλ
1259 725 1422 804 προσνάξα.
1438 718 1458 810 11

294 845 331 903 In
359 843 567 916 sequentibus
590 843 702 902 textus
726 841 868 915 graviter
891 840 1105 913 interpolatus
1129 843 1189 900 est.
1214 840 1319 900 Verba
1345 835 1391 898 ε’πλ
1415 837 1470 916 νην

295 953 387 1032 αὐτῆς
417 955 565 1033 πονηρίαν
596 954 628 1014 τὸ
659 951 810 1032 ξυμφέρον
842 958 972 1030 σκοπεῖν,
1000 968 1082 1026 quae
1114 956 1147 1013 et
1178 954 1412 1027 grammaticae
1437 956 1472 1014 et

295 1071 476 1130 sententiae
502 1070 724 1144 adversantur,
749 1068 884 1128 delenda
907 1083 1032 1129 censeo.
1059 1067 1139 1127 (lum
1162 1068 1248 1127 enirn
1274 1068 1470 1127 subobscure

295 1184 386 1244 Plato
410 1183 593 1257 scripsisset
616 1179 635 1259 ἢ
659 1179 726 1241 οὔτε
749 1179 840 1258 αὑνης
865 1177 931 1240 οὔτε
954 1177 1044 1257 ἄλλης
1067 1179 1237 1257 προσδεῖται
1261 1185 1353 1253 (quae
1374 1181 1470 1253 signi·

295 1296 394 1356 ficant
416 1292 435 1374 ἢ
460 1291 526 1354 obre
548 1303 601 1355 τοῦ
624 1293 699 1378 αὑτῇ
723 1292 754 1353 τὸ
779 1291 929 1372 ξυμφέρον
954 1298 1074 1352 σκοπεῖν
1098 1293 1268 1370 προσδεῖται
1292 1291 1358 1352 οᾶτε
1379 1289 1471 1370 ἄλλης

295 1408 407 1489 τέχνης)
431 1411 547 1483 aliquis
567 1412 606 1471 ad
627 1407 718 1486 αὐτῆς
737 1408 906 1488 προσδεῖται
926 1408 1097 1480 adscripsit
1116 1405 1147 1465 τὸ
1168 1403 1319 1483 ξυμφέρον
1341 1411 1474 1483 σκοπεῖν,

296 1525 336 1584 ad
367 1520 456 1600 ἄλλης
487 1523 655 1600 προσδεῖται
679 1525 789 1583 autem
815 1519 861 1580 ἐπὶ
884 1519 938 1598 τὴν
962 1519 1054 1597 αὐτῆς
1077 1519 1236 1597 πονηρίαν,
1258 1521 1372 1581 deinde
1396 1520 1473 1581 illae

296 1637 593 1697 animadversiones
628 1638 697 1696 sine
733 1637 797 1696 ullo
829 1652 915 1696 nexu
946 1636 977 1694 in
1009 1637 1138 1695 textum
1169 1635 1282 1695 illatae
1316 1635 1402 1694 sunt.
1428 1635 1474 1694 At

296 1752 446 1811 continuo
476 1752 544 1825 ipse
576 1751 667 1811 Plato
697 1751 801 1810 fusius
834 1751 976 1824 explicet
1006 1765 1089 1824 quae
1120 1750 1260 1810 breviter
1291 1749 1474 1823 praemissa

297 1867 405 1924 erant:
437 1866 477 1925 ad
501 1861 607 1941 ἒαυκης
631 1865 717 1924 enim
742 1864 911 1942 προσδεῖται
935 1864 1163 1938 explicandum
1187 1863 1350 1937 pertinent
1374 1863 1474 1922 verba

297 1973 368 2036 οὐδὲ
390 1976 531 2055 προσήκει
562 1975 647 2062 τέχνη
671 1974 747 2061 ἄλλῳ
771 1976 803 2036 τὸ
828 1975 980 2055 ξυμφέρον
1005 1978 1100 2054 ζητεῖν
1123 1980 1183 2052 κτλ,
1207 1978 1246 2037 ad
1270 1973 1359 2052 ἄλλης
1383 1994 1474 2053 προς-

297 2088 388 2148 (loiron
401 2092 522 2177 autem
547 2092 644 2152 verba
665 2088 806 2169 οὔτεγὰρ
827 2090 956 2169 πονηρία
977 2087 1044 2150 olive
1064 2086 1190 2168 ἁμαρτία
1211 2087 1334 2166 οὐδεμία
1348 2086 1464 2170 οὐδεμί’

297 2199 381 2286 τέχνη
411 2203 557 2282 πάρεστιν,
592 2205 672 2265 Cum
705 2205 791 2265 enirn
823 2207 891 2286 ipse
923 2205 1071 2266 Socrates
1095 2204 1214 2265 diserte
1238 2204 1324 2264 dicat
1347 2203 1473 2263 nullam

296 2319 400 2378 artem
432 2334 488 2393 per
519 2336 554 2380 se
581 2320 805 2395 imperfectam
831 2335 914 2394 esse,
938 2334 1001 2392 quo
1025 2319 1120 2379 modo
1145 2319 1243 2392 igitur
1266 2317 1343 2377 ferri
1365 2318 1477 2390 potest

296 2427 361 2491 οὔτε
396 2429 485 2510 ἄλλης
517 2429 545 2510 (ἡ
577 2431 672 2513 τέχνη)
704 2434 873 2513 προσδεῖται
909 2430 970 2491 ἐπὶ
1001 2429 1070 2508 τὴν
1102 2429 1224 2508 αὐτῆς
1247 2428 1476 2508 πονηρίανῗ

296 2547 451 2609 Similiter
474 2549 568 2623 paulo
589 2551 664 2608 ante
689 2551 762 2620 (341
789 2549 825 2618 D)
850 2548 883 2607 in
907 2547 1013 2608 verbis
1036 2539 1085 2624 ἄρ’
1112 2535 1168 2604 οὖν
1191 2542 1241 2604 καλ
1263 2542 1370 2627 ἑκάστη
1381 2589 1471 2602 ......

294 2657 393 2720 νελέαν
417 2654 491 2721 εἶναι
511 2663 657 2723 nonnulli
681 2663 802 2724 librarii
823 2661 1049 2721 annotationes
1071 2659 1266 2732 marginales
1286 2658 1320 2718 in
1340 2660 1473 2717 textum

296 2775 482 2852 intulerant,
514 2791 596 2849 quas
626 2776 726 2836 Beklr.
758 2777 791 2835 et
822 2774 968 2835 Schneid.
997 2788 1095 2847 prave
1119 2773 1342 2847 susceperunt.
1369 2771 1473 2830 -In

297 2888 368 2949 Par.
404 2889 433 2948 A
466 2905 513 2963 pr.
549 2904 593 2948 m.
629 2879 699 2948 αὖ..
735 2889 873 2963 scripsit,
910 2888 1068 2948 corrector
1104 2884 1188 2962 αὐτη.
1223 2886 1329 2946 Verba
1360 2880 1474 2962 ἕωσπερ

298 2998 335 3060 ἄν
346 3048 415 3060 .....
443 3000 523 3061 ἐστίν
543 3003 601 3074 (sic
624 3003 807 3076 legendum)
831 3003 912 3062 mihi
935 3018 999 3062 non
1025 3016 1104 3061 sana
1129 3017 1201 3061 esse
1226 3001 1384 3073 videntur,
1409 2999 1474 3058 nisi

246 3117 438 3194 Ecorrigas
469 3119 526 3177 aut
555 3111 657 3194 <η>
683 3114 807 3195 ἀκριβὴς
832 3118 889 3176 aut
912 3112 1051 3194 ἀκριβῶς.
1075 3107 1094 3195 ΙΙ
1120 3114 1323 3190 Quamquam
1348 3113 1381 3172 in
1404 3113 1422 3182 ἓ
1445 3112 1473 3170 D

298 3225 382 3302 (καθ’
409 3228 479 3291 ὅσον
503 3228 610 3308 ἰατρὸς)
635 3233 668 3291 et
692 3231 793 3291 3th
818 3223 900 3301 (καθ’
925 3228 996 3288 ὅσον
1017 3225 1101 3307 ἀρχὴ)
1123 3229 1260 3288 verbum
1280 3223 1356 3285 ε’σκίν
1377 3226 1472 3285 omis·

298 3361 371 3405 sum
404 3348 463 3422 est,
491 3346 599 3406 nescio
623 3360 664 3404 an
689 3347 721 3404 et
744 3345 796 3404 hic
820 3337 903 3414 (καθ’
931 3341 1002 3401 ὅσον
1026 3338 1124 3420 ἄρχον
1148 3337 1216 3411 ἐστὶ)
1241 3336 1300 3399 ioci
1323 3338 1472 3398 omitten-

297 3460 373 3519 dum
395 3460 448 3535 sit,
469 3460 544 3532 quia
563 3461 595 3519 et
616 3459 679 3518 345
694 3475 713 3517 c
728 3452 810 3528 (καθ’
835 3455 905 3515 ὅσον
926 3454 1038 3532 ποιμήν
1064 3452 1150 3524 ἐστιν)
1163 3454 1310 3514 occurrit.
1324 3452 1474 3512 Praestat

296 3574 329 3633 in
350 3573 401 3633 his
419 3573 567 3632 minutiis
588 3573 675 3633 codd.
697 3571 797 3644 sequi.
827 3606 855 3614 —
882 3570 943 3630 Pro
963 3565 1013 3626 κυλ
1029 3565 1103 3646 πρὸς
1116 3564 1230 3626 ἐκεῖνον
1242 3567 1300 3637 (sic
1312 3565 1472 3640 Bromius

297 3688 392 3756 Bait.)
424 3687 494 3746 Par.
527 3688 556 3745 A
588 3686 620 3744 et
650 3684 729 3744 Ven.
763 3686 797 3741 Π
816 3705 841 3741 κ.
870 3702 900 3741 π.
933 3679 1025 3740 ἐκεῖνο
1056 3681 1246 3741 exhibentes
1269 3679 1373 3740 secuti
1396 3680 1473 3738 sunt

298 3800 359 3858 Ast
380 3798 526 3858 Schneid.
546 3797 657 3856 Herm.
672 3796 792 3856 Wohir.
807 3795 949 3869 oampb..
962 3794 1084 3854 Vocem
1104 3790 1197 3852 ἐκεῖνο
1217 3793 1257 3852 ad
1269 3801 1308 3874 τῷ
1321 3788 1472 3874 ἀρχομένην

298 3913 409 3973 referri
432 3927 526 3985 posse
546 3911 628 3981 (coll.
651 3912 714 3971 345
729 3910 764 3985 D,
786 3910 900 3980 3461))
922 3910 1008 3968 recte
1030 3907 1175 3968 Schneid.
1198 3906 1319 3966 Wohir.
1342 3905 1472 3979 Oampb.

299 4027 505 4101 contendunt,
541 4040 739 4098 quamquam
770 4026 899 4098 propter
930 4036 1120 4096 praegressa
1150 4018 1333 4098 κυβερνήτης
1364 4041 1393 4077 νε
1424 4016 1474 4076 καλ

298 4138 395 4219 ἄρχων
419 4142 452 4200 et
475 4138 569 4220 ναύτῃ
592 4159 621 4197 τε
644 4135 694 4196 καὶ
714 4134 864 4220 ἀρχομένῳ
887 4136 1026 4196 dubitari
1042 4129 1062 4204 ¹)
1083 4135 1190 4208 potest
1210 4149 1252 4192 an
1271 4142 1310 4214 τῷ
1323 4128 1473 4215 ἀρχομένῳ

298 4251 348 4313 καὶ
379 4247 401 4336 ᾧ
430 4256 479 4312 κνλ
510 4255 615 4313 neutr.
647 4235 775 4325 generis
807 4251 882 4310 sint.
915 4248 1117 4321 Simulatque
1149 4244 1242 4305 ἐκεῖνο
1267 4245 1474 4305 enuntiatum

331 4471 348 4532 l)
373 4475 446 4530 Quod
468 4487 526 4520 oum
549 4473 629 4533 probe
642 4472 739 4518 ¹Aetius
761 4471 939 4531 intellexisset,
962 4473 1049 4516 temen
1066 4481 1145 4528 prave
1163 4467 1301 4525 legendum
1319 4464 1419 4513 censuit
1435 4460 1476 4528 (ut

297 4567 343 4612 per
367 4554 552 4613 appositionem
571 4553 649 4599 verbs
671 4552 697 4598 τὸ
723 4555 799 4614 λκείνῳ
821 4549 889 4611 ξυμφ.
914 4555 954 4597 κτλ
977 4549 1064 4595 addita
1088 4546 1249 4608 putarentur)
1272 4547 1310 4592 καὶ
1329 4545 1387 4610 πρὸς
1404 4549 1475 4591 ἐκεῖνο

297 4633 387 4696 βλέπων
407 4632 468 4692 [καί]
488 4632 513 4677 τὸ
532 4636 609 4693 ἐκείνῳ
627 4630 696 4692 Ευμφ.
715 4635 761 4676 κτλ.
