3278 5098
746 335 793 395 te

176 520 211 578 et
242 519 344 578 altero
372 523 401 577 A
423 520 549 587 omisso,
569 519 689 579 sciolus
712 521 932 582 necessarium
956 539 1133 598 pronomen
1157 523 1260 584 alieno
1285 521 1354 584 loco

120 622 151 687 B
176 632 348 694 inseruit.”
373 625 393 717 ΙΙ
417 632 549 696 Hesiodi
573 647 688 693 versus
711 634 789 693 sunt

355 751 431 808 τοῖσι
454 743 538 826 φέρει
559 742 614 824 μὲν
637 750 708 825 γαῖα
730 745 827 807 πολὺν
849 747 927 826 βίον,
951 744 1051 827 οὔρεσι
1075 745 1107 809 δὲ
1130 749 1203 828 δρῦς

357 856 433 940 ἄκρη
457 857 511 938 μέν
534 881 564 920 τε
586 857 670 940 φέρει
692 858 853 939 βαλάνους,
874 857 968 940 μέσση
992 857 1024 921 δὲ
1046 861 1193 940 μελίσσας,

311 953 312 958 ¹
357 971 507 1052 εἰροπόκοι
530 967 622 1045 δ’δϊες
645 977 766 1050 μαλλοῖς
790 973 1035 1054 κστσβεβρίθιισι,
1142 977 1146 988 “

356 1085 503 1147 τίκτουσιν
526 1082 558 1146 δί
580 1091 718 1167 γυναῖκες
741 1085 856 1148 ἐοικότα
880 1084 966 1149 τίκνσ
989 1095 1112 1149 τοκεῦσι.

223 1203 321 1264 illum
345 1201 503 1278 pluralem
527 1198 619 1282 ἄκρας
643 1205 677 1263 et
700 1200 808 1280 μέσσας
832 1204 925 1265 Plato
948 1204 988 1266 ad
1011 1201 1062 1275 τὰς
1086 1203 1158 1283 δρῦς
1178 1217 1355 1265 accommo-

178 1317 279 1391 davit,
311 1315 397 1376 sicut
428 1316 461 1375 in
493 1317 557 1377 362
580 1317 609 1376 A
632 1316 692 1377 ult.
716 1315 925 1396 καρπούμενον
948 1318 1125 1393 scripserat
1146 1333 1202 1392 pro
1225 1315 1357 1395 καρτιού-

179 1451 276 1506 μενος.
300 1428 384 1489 Illud
407 1429 440 1488 in
463 1428 605 1490 secundo
630 1443 726 1489 versu
745 1429 973 1504 interpositum
994 1427 1068 1507 φησί
1088 1432 1125 1500 (s.
1146 1426 1260 1506 φησὶν),
1273 1430 1358 1503 quod

180 1542 304 1617 aliquot
334 1542 423 1604 codd.
455 1543 622 1619 omittunt,
654 1543 769 1604 abesse
799 1542 896 1604 malo.
927 1543 983 1618 lis,
1011 1542 1066 1618 qui
1089 1539 1182 1621 φησλν
1205 1543 1357 1618 retinent,

184 1671 338 1717 versuum
368 1657 507 1718 formem
538 1672 669 1718 servare
700 1671 764 1717 non
788 1657 874 1733 licet,
898 1657 1110 1731 quamobrem
1134 1658 1221 1718 recte
1245 1656 1310 1717 388
1335 1655 1358 1716 (t

184 1771 295 1832 Herm.
326 1770 424 1830 verba
447 1765 469 1828 ὢ
493 1767 585 1830 τιότιοι
608 1768 703 1845 φάναι
727 1785 747 1829 a
772 1770 918 1831 versibus
942 1770 1091 1832 secrevit.
1116 1771 1153 1830 In
1176 1769 1312 1831 Alcibid.
1327 1770 1358 1830 H

184 1901 214 1960 p.
248 1885 310 1944 143
342 1883 371 1945 A
394 1897 520 1957 quoque
543 1880 618 1960 φησὶ
641 1884 688 1944 sic
711 1883 940 1958 interpositum
963 1886 1024 1960 est,
1045 1884 1125 1945 item
1148 1883 1215 1944 Ion.
1242 1884 1305 1944 537
1330 1883 1359 1942 A

130 1998 159 2066 G
187 2000 251 2060 538
285 1999 324 2059 A.
356 1987 376 2081 ΙΙ
407 1996 478 2058 Par.
509 1984 550 2056 AI
581 1993 635 2068 ὑὸς
664 1997 796 2072 praebet
827 1997 914 2058 sicut
944 1996 1010 2058 fore
1041 1997 1169 2074 ubique,
1201 1997 1273 2058 Par.
1305 1987 1359 2056 ΑΗ

183 2113 252 2183 (aut
284 2106 334 2181 AI)
371 2110 512 2171 correxit
543 2100 614 2182 διὸς.
646 2110 686 2170 nt
716 2112 749 2171 in
780 2110 904 2173 Veneto
935 2103 1360 2183 td‘igocourrit.1naliis

182 2240 309 2299 quoque
341 2226 506 2288 vocabulis
536 2225 603 2288 iota
634 2226 888 2302 superscriptum
917 2226 951 2286 in
974 2227 1045 2286 Par.
1070 2226 1099 2285 A
1122 2225 1280 2287 cernitur:
1305 2216 1359 2282 ἀέι

184 2337 260 2409 (iere
290 2343 440 2416 semper),
464 2315 610 2417 ῥᾶστώνη,
632 2331 730 2416 δίδον,
751 2339 825 2400 alia.
849 2339 920 2401 Non
943 2339 1054 2400 dubito
1078 2338 1156 2412 quin
1179 2338 1284 2398 forma
1308 2334 1361 2408 δὸς

184 2452 311 2512 Platoni
333 2453 422 2512 reddi
444 2453 569 2514 debeat.
594 2454 665 2514 Iota
685 2453 894 2527 superscripti
914 2452 1046 2512 Bestius
1066 2451 1252 2526 exemplum
1274 2449 1362 2510 dedit

184 2566 218 2626 in
242 2580 320 2626 voce
343 2564 492 2625 αἴδεσσαι.
515 2600 553 2608 -
582 2565 657 2627 Mox
676 2565 848 2640 legendum
873 2581 989 2627 censeo
1009 2562 1168 2645 ἀγαγόντες
1190 2567 1240 2646 [ιφ
1260 2561 1361 2647 λόγφ],

186 2679 263 2753 quie
281 2693 338 2754 per
357 2681 464 2740 totum
476 2679 561 2740 hunc
573 2679 680 2740 locum
694 2694 746 2739 res
758 2677 853 2739 fictae
865 2679 1038 2740 narrantur
1050 2679 1083 2738 et
1095 2677 1208 2738 statim
1222 2691 1362 2750 sequens

186 2801 306 2852 ποιοῦσι
328 2793 407 2853 iacit
425 2796 462 2853 ut
482 2793 537 2853 illo
558 2793 778 2854 additamento
798 2808 907 2854 carere
927 2793 1101 2868 possimus.
1118 2791 1362 2864 manducone

130 2906 164 2972 Ι)
188 2908 306 2981 legitur
328 2907 538 2985 κατορύττουσι
562 2907 695 2968 omissis
719 2907 826 2968 verbis
849 2916 888 2990 τῷ
911 2904 996 2992 λόγῳ.
1021 2898 1041 2990 ΙΙ
1062 2906 1161 2968 Cobet
1180 2904 1254 2976 (Mn.
1278 2904 1364 2965 1878

186 3042 218 3100 p.
242 3024 319 3093 351)
342 3022 483 3082 correxit
506 3019 619 3100 διαίρειν
644 3021 836 3098 [μεθύοντας]
862 3025 922 3097 κτλ,
944 3022 1029 3096 quod
1052 3021 1263 3096 probandum,
1289 3019 1366 3093 quia

187 3151 230 3197 ex
253 3137 324 3211 ipsa
347 3135 394 3195 rei
417 3136 534 3197 natura
557 3137 609 3195 est
631 3136 668 3195 nt
690 3135 723 3211 ii,
745 3135 862 3209 quibus
883 3136 1044 3196 coronatis
1065 3135 1250 3196 convivium
1272 3147 1364 3208 appa·

187 3252 296 3310 ratum
328 3249 383 3325 sit,
411 3248 532 3310 bibant.
556 3247 678 3309 Vocem
701 3244 800 3325 μέθην
823 3262 887 3308 non
911 3248 945 3308 in
968 3248 1091 3308 melam
1115 3249 1241 3323 partem
1264 3245 1367 3320 accipi

186 3365 324 3437 oportet.
361 3395 402 3405 -
438 3360 655 3436 dampbellius
685 3362 780 3436 putat
811 3361 980 3421 Platonem
1012 3361 1044 3419 in
1075 3358 1279 3437 συμπόσιον
1309 3366 1368 3418 τῶν

189 3473 280 3536 ὁσίων
312 3476 422 3536 lusum
449 3475 620 3536 verborum
644 3475 837 3551 obvolvisse,
860 3474 946 3534 sicut
968 3474 1001 3533 in
1025 3473 1089 3533 495
1114 3472 1139 3531 Ε
1161 3469 1366 3548 λελυμένου--

189 3586 380 3667 λελουμένον,
415 3591 478 3650 540
515 3588 538 3650 O
572 3585 796 3665 δαίμοσιν*ὡς
831 3586 996 3664 εὐδαίμοσι,
1029 3588 1094 3647 614
1130 3586 1156 3646 Β
1191 3583 1368 3644 Ἀλκίνου-

188 3701 326 3781 ἆλκίμου,
362 3705 423 3765 621
462 3703 486 3766 O
520 3700 796 3780 ἐσώθη-σώσειεν,
832 3701 942 3778 Symp.
977 3701 1039 3761 185
1071 3699 1094 3761 G
1129 3697 1305 3758 Παυσανίου
1338 3693 1370 3756 δὲ

188 3813 386 3894 παυσαμένου
406 3813 594 3894 (διδάσκουσι
612 3814 669 3895 γάρ
687 3837 721 3892 με
741 3812 835 3894 λέγειν
855 3811 964 3875 οὑτωσί
983 3813 1015 3874 σί
1032 3812 1142 3891 σόφοι),
1156 3812 1277 3875 Philet.
1294 3810 1370 3874 160

189 3931 323 4009 δηλῶσαι
347 3925 401 4006 μὲν
426 3927 462 3988 οὐ
486 3928 567 3988 τιοίνυ
587 3927 724 4006 χαλεπόν,
742 3933 873 4007 χρῆσθαι
893 3924 925 3987 δὲ
946 3927 1146 4008 παγχάλεπον,
1165 3928 1243 4002 Rep.
1264 3926 1370 3988 5800

190 4040 208 4104 δ
233 4042 403 4123 Ἀρίστωνος
427 4041 481 4115 δὸς
506 4042 557 4103 τὸν
580 4039 700 4122 ἄριστον
724 4041 828 4122 ἔκρινε.

40 4165 100 4225 364
132 4158 164 4226 A
236 4160 275 4219 In
305 4157 429 4218 Veneto
461 4158 470 4217 t
502 4158 600 4218 verba
630 4177 659 4216 τε
686 4153 736 4216 καὶ
760 4156 936 4233 δικαιοσύνη
960 4157 994 4216 in
1017 4172 1083 4230 mg.
1108 4155 1270 4229 adscripta
1295 4155 1373 4214 sunt

192 4287 296 4333 manu
327 4271 563 4347 recentissima,
593 4270 626 4331 in
657 4272 729 4331 Par.
761 4271 789 4330 A
820 4273 854 4331 et
876 4269 1000 4331 Veneto
1024 4266 1194 4334 Eomissa
1217 4268 1303 4329 sunt.
1330 4300 1371 4310 —

192 4387 265 4445 vam
287 4385 313 4444 L
333 4381 480 4462 ἀτιμάζειν
503 4388 553 4456 [τε]
575 4382 624 4443 καὶ
644 4386 732 4446 recte
752 4385 864 4445 Herm.
885 4383 968 4444 Bait.
990 4383 1092 4444 stallo
1105 4383 1224 4453 (1858).
1239 4381 1370 4455 Gampb.

134 4505 166 4570 B
195 4501 396 4575 receperunt,
432 4499 507 4572 quia
541 4514 768 4574 praegressum
804 4501 855 4559 est
889 4495 1105 4574 εὐδαιμονίζειν
1139 4495 1189 4556 καλ
1221 4504 1316 4573 τιμον.
1342 4487 1362 4578 ΙΙ

195 4613 348 4690 Speciosa
378 4612 557 4674 Richardeii
589 4612 701 4684 (diaes.
732 4612 812 4674 Rev.
846 4611 941 4681 1893)
974 4610 1153 4671 dubitantis
1183 4612 1215 4670 ca
1245 4605 1285 4681 ὡς
1315 4604 1375 4688 ἄρα
