3260 5098
528 1319 701 1402 LIBER
726 1317 1006 1418 QUARTUS.

666 1573 861 1582 ———-

44 1627 119 1688 steph.
136 1631 199 1688 Peg.

45 1749 98 1806 419
123 1745 153 1811 A
222 1750 362 1823 Vulgata
381 1746 542 1809 καὶταῦτα
566 1745 600 1809 δι’
628 1747 751 1821 ἑαυτοὺς
775 1751 882 1829 ἰθοωῆ
903 1751 1064 1824 Stephano
1085 1747 1260 1809 sollicitata
1280 1747 1352 1824 fuit,
1469 1787 1474 1798 ·

177 1863 310 1924 iniuria:
332 1857 367 1922 δι’
390 1861 500 1935 αὐτοὺς
519 1863 680 1937 signifieat
703 1880 782 1940 „sua
798 1865 943 1939 ipsorum
955 1864 1092 1939 gratia,”
1110 1877 1188 1922 nam
1200 1862 1352 1922 custodes

176 1976 306 2037 luxurie
339 1977 484 2037 tuentes
518 1978 539 2037 i.
571 1993 598 2038 e.
635 1978 793 2038 laxiorem
825 1979 929 2038 vitam
966 1978 1119 2050 degentes
1156 1976 1353 2048 degenerant

176 2090 197 2150 i.
229 2105 256 2150 e.
288 2091 349 2151 sibi
379 2093 448 2166 ipsi,
471 2095 597 2168 nocent,
629 2093 739 2165 itaque
764 2108 838 2153 oum
862 2092 927 2153 leni
951 2092 1019 2152 risu
1043 2093 1122 2152 haeo
1147 2090 1233 2151 diota
1256 2091 1379 2166 sunt;.

176 2219 352 2278 pronomen
376 2195 418 2264 ὧν
441 2206 540 2279 igitur
563 2207 603 2266 ad
625 2205 749 2276 τούτους
772 2206 842 2278 τοὺς
862 2203 974 2284 ἄνδρας
994 2205 1135 2267 relatum
1155 2205 1351 2278 oportuerat.

176 2317 290 2378 Aetius
314 2319 444 2379 vertens
467 2335 527 2380 suo
548 2320 690 2394 ipsorum
713 2319 958 2396 culparentur,
982 2335 1060 2380 nam
1084 2319 1257 2379 custodum
1281 2332 1351 2377 oon·

176 2430 333 2490 ditionem
359 2427 526 2509 νομοθέτης
551 2429 724 2510 (Socrates)
748 2433 962 2493 constituerat
986 2430 1071 2511 (vide
1096 2428 1349 2508 Schneiderum).

176 2545 397 2605 Buttmannus
422 2538 638 2625 (improbante
661 2545 790 2607 Hellero
812 2545 883 2606 Gur.
909 2546 978 2605 orit.
1002 2560 1032 2618 p.
1055 2542 1108 2622 23)
1130 2545 1169 2604 oi.
1190 2541 1227 2620 δὴ
1241 2540 1351 2614 αὐτοὺς

176 2647 218 2716 ὧν
237 2661 298 2735 ael,
317 2658 553 2719 Herwerdenus
574 2660 686 2719 autem
707 2656 781 2736 (Mn.
805 2657 902 2736 1891)
924 2650 1176 2788 suspicatu3,(in
1194 2657 1351 2729 Monaeq

176 2807 215 2873 δι’
243 2814 328 2874 inter
348 2830 462 2876 versus
481 2813 544 2893 est)
565 2817 599 2878 in
618 2818 792 2891 archetypo
812 2816 914 2876 fuisse
933 2821 1024 2874 τοῦτο
1037 2810 1146 2884 αὐτοὺς
1159 2803 1201 2872 ὧν
1214 2812 1351 2872 oonieolt

174 2936 266 2988 τοῦτο
301 2927 410 2999 αὐτοὺς
446 2923 486 2988 δι’
525 2920 577 3006 ὧν,
606 2930 766 3004 pessime;
798 2930 929 2990 attende
960 2929 1048 2989 enim
1081 2942 1233 2988 sensum:
1265 2927 1352 2986 haud
1419 2945 1420 2950 ¹

174 3025 304 3105 felices.
329 3041 430 3103 efficis
473 3044 532 3103 hos
568 3043 664 3119 viros,
701 3058 802 3116 quum
837 3045 949 3102 tamen
985 3042 1047 3116 ipsi
1081 3041 1147 3101 sint
1163 3075 1164 3078 =
1181 3043 1245 3116 qui,
1277 3040 1353 3100 lieet

175 3153 231 3234 (ε.-
251 3149 314 3232 μὲν,
338 3170 375 3215 ea
399 3156 487 3216 enim
510 3158 561 3216 est
584 3157 616 3216 h.
641 3156 661 3217 l.
688 3157 738 3216 vis
760 3156 994 3231 particularum
1018 3150 1125 3232 plv-
1142 3149 1184 3224 δὲ)
1208 3154 1352 3214 civitatis

174 3268 297 3330 domini
328 3269 403 3345 sint,
436 3269 516 3328 nihil
546 3269 621 3330 boni
651 3285 692 3329 ex
724 3285 762 3330 ea
792 3269 981 3343 percipiunt.
1015 3302 1056 3310 -
1088 3267 1264 3342 Vulgatam
1287 3259 1352 3327 οἷον

176 3380 279 3451 <οῐ>
307 3379 389 3442 ἄλλοι
413 3383 512 3443 Bekk.
538 3385 571 3443 et
592 3383 704 3444 Stallb.
726 3385 813 3443 reete
833 3383 1013 3443 servarunt.
1034 3382 1263 3455 Respioiuntur
1283 3383 1353 3443 sive

171 3494 311 3576 ἄρχοντες
342 3499 376 3557 et
399 3487 561 3558 custodes
575 3497 714 3557 aliarum
738 3496 869 3557 urbium
893 3493 942 3573 (ut
966 3495 1049 3556 infra
1074 3496 1138 3555 420
1151 3498 1180 3555 A
1203 3494 1300 3573 ὥσπερ
1324 3494 1356 3554 οἱ

171 3605 269 3688 ἄλλοι)
299 3609 370 3669 sive
397 3610 513 3682 reliqui
536 3610 634 3686 nives,
664 3609 718 3682 qui
742 3609 959 3670 etiamsinon
986 3623 1099 3668 omnes
1123 3608 1240 3668 divites
1265 3593 1352 3683 sunt,

172 3701 398 3799 possessiones
418 3723 583 3796 acquirere
604 3738 669 3783 non
688 3723 898 3797 prohibentur
918 3719 1050 3799 (videti.
1064 3738 1094 3782 v.
1109 3721 1354 3781 Voonrrrursnr

174 3837 222 3896 De
242 3835 387 3896 Platonis
409 3836 553 3897 doctrina
574 3837 612 3896 de
629 3837 856 3896 communione
870 3837 1026 3896 bonorum
1039 3838 1099 3896 eto.
1116 3831 1353 3916 1850U1traj.).

176 3951 311 4023 Propter
332 3949 563 4010 Schneiderum
583 3964 699 4009 moneo
719 3950 888 4023 partieipia
907 3945 1090 4026 κεκτημένοι,
1108 3946 1355 4025 οἰκοδομούμενοι

176 4065 229 4124 eto
251 4063 292 4123 ad
315 4059 398 4122 ditor
421 4062 588 4122 referenda
612 4077 694 4122 esse.
720 4062 829 4123 Obiter
853 4063 975 4136 corrige
998 4059 1096 4138 νυνδὴ
1120 4063 1140 4122 i.
1167 4077 1194 4122 e.
1219 4057 1291 4138 ἄρτι.
1311 4093 1355 4102 -

176 4175 252 4236 Mox
282 4175 470 4236 Badhamus
504 4173 652 4252 (Phaedri
682 4168 797 4257 praef.)
823 4175 861 4236 oi.
887 4172 1040 4252 ἐκίκοοροι
1065 4171 1244 4253 [pastorali
1268 4176 1354 4235 reete

176 4291 265 4365 puto,
298 4283 372 4348 oum
403 4289 549 4349 Platonis
579 4289 687 4349 aetate
712 4285 910 4349 'mercenarii
930 4289 1123 4348 vocarentur
1151 4285 1304 4366 ἐκίκοοροι
1328 4303 1354 4347 s.

177 4399 401 4481 praeemineo
421 4403 554 4463 dubium
576 4403 620 4463 sit
640 4403 716 4474 quin
736 4403 932 4463 Adimantus
951 4401 991 4460 de
1004 4401 1212 4462 mercenariis
1226 4401 1370 4477 cogitet,-

178 4517 306 4577 nonde
331 4516 427 4578 sociis
451 4530 546 4591 opem
570 4515 747 4576 ferentibus
770 4515 896 4576 civitati
919 4513 1054 4574 amicae.
1277 4490 1279 4494 ⁵
